% learning curve 
@article{van2018learning,
  title={Learning curves in minimally invasive esophagectomy},
  author={van Workum, Frans and Fransen, Laura and Luyer, Misha DP and Rosman, Camiel},
  journal={World Journal of Gastroenterology},
  volume={24},
  number={44},
  pages={4974},
  year={2018},
  publisher={Baishideng Publishing Group Inc}
}

@article{davenport2019potential,
  title={The potential for artificial intelligence in healthcare},
  author={Davenport, Thomas and Kalakota, Ravi},
  journal={Future healthcare journal},
  volume={6},
  number={2},
  pages={94},
  year={2019},
  publisher={Royal College of Physicians}
}

@article{fiorini2022concepts,
  title={Concepts and Trends in Autonomy for Robot-Assisted Surgery},
  author={Fiorini, Paolo and Goldberg, Ken Y and Liu, Yunhui and Taylor, Russell H},
  journal={Proceedings of the IEEE},
  volume={110},
  number={7},
  pages={993--1011},
  year={2022},
  publisher={IEEE},
  doi={10.1109/JPROC.2022.3176828}
}

@inproceedings{sun2021loftr,
  title={LoFTR: Detector-free local feature matching with transformers},
  author={Sun, Jiaming and Shen, Zehong and Wang, Yuang and Bao, Hujun and Zhou, Xiaowei},
  booktitle={Proceedings of the IEEE/CVF conference on computer vision and pattern recognition},
  pages={8922--8931},
  year={2021}
}

@article{kitaguchi2022artificial,
  title={Artificial intelligence-based computer vision in surgery: Recent advances and future perspectives},
  author={Kitaguchi, Daichi and Takeshita, Nobuyoshi and Hasegawa, Hiro and Ito, Masaaki},
  journal={Annals of gastroenterological surgery},
  volume={6},
  number={1},
  pages={29--36},
  year={2022},
  publisher={Wiley Online Library}
}

@article{garcia2022robotic,
  title={Robotic Endoscope Control via Autonomous Instrument Tracking},
  author={Garcia-Peraza-Herrera, Luis Carlos and Gruijthuijsen, Caspar and Borghesan, Gianni and Reynaerts, Dominiek and Deprest, Jan and Ourselin, Sebastien and Vercauteren, Tom and Vander Poorten, Emmanuel},
  journal={Frontiers in Robotics and AI},
  year={2022},
  publisher={Frontiers Media SA}
}

@article{wagner2023comparative,
  title={Comparative validation of machine learning algorithms for surgical workflow and skill analysis with the heichole benchmark},
  author={Wagner, Martin and M{\"u}ller-Stich, Beat-Peter and Kisilenko, Anna and Tran, Duc and Heger, Patrick and M{\"u}ndermann, Lars and Lubotsky, David M and M{\"u}ller, Benjamin and Davitashvili, Tornike and Capek, Manuela and others},
  journal={Medical Image Analysis},
  pages={102770},
  year={2023},
  publisher={Elsevier}
}

@article{su2021multicamera,
  title={Multicamera 3d viewpoint adjustment for robotic surgery via deep reinforcement learning},
  author={Su, Yun-Hsuan and Huang, Kevin and Hannaford, Blake},
  journal={Journal of Medical Robotics Research},
  volume={6},
  number={01n02},
  pages={2140003},
  year={2021},
  publisher={World Scientific}
}

@article{scheikl2023lapgym,
  title={LapGym--An Open Source Framework for Reinforcement Learning in Robot-Assisted Laparoscopic Surgery},
  author={Scheikl, Paul Maria and Gyenes, Bal{\'a}zs and Younis, Rayan and Haas, Christoph and Neumann, Gerhard and Wagner, Martin and Mathis-Ullrich, Franziska},
  journal={arXiv preprint arXiv:2302.09606},
  year={2023}
}

@inproceedings{rivoir2021long,
  title={Long-term temporally consistent unpaired video translation from simulated surgical 3D data},
  author={Rivoir, Dominik and Pfeiffer, Micha and Docea, Reuben and Kolbinger, Fiona and Riediger, Carina and Weitz, J{\"u}rgen and Speidel, Stefanie},
  booktitle={Proceedings of the IEEE/CVF International Conference on Computer Vision},
  pages={3343--3353},
  year={2021}
}

@article{marzullo2021towards,
  title={Towards realistic laparoscopic image generation using image-domain translation},
  author={Marzullo, Aldo and Moccia, Sara and Catellani, Michele and Calimeri, Francesco and De Momi, Elena},
  journal={Computer Methods and Programs in Biomedicine},
  volume={200},
  pages={105834},
  year={2021},
  publisher={Elsevier}
}

@article{cartucho2021visionblender,
  title={VisionBlender: a tool to efficiently generate computer vision datasets for robotic surgery},
  author={Cartucho, Jo{\~a}o and Tukra, Samyakh and Li, Yunpeng and S. Elson, Daniel and Giannarou, Stamatia},
  journal={Computer Methods in Biomechanics and Biomedical Engineering: Imaging \& Visualization},
  volume={9},
  number={4},
  pages={331--338},
  year={2021},
  publisher={Taylor \& Francis}
}

@article{neyret2002realistic,
  title={Realistic rendering of an organ surface in real-time for laparoscopic surgery simulation},
  author={Neyret, Fabrice and Heiss, Raphael and S{\'e}n{\'e}gas, Franck},
  journal={The Visual Computer},
  volume={18},
  number={3},
  pages={135--149},
  year={2002},
  publisher={Springer}
}


@article{kossowsky2022predicting,
  title={Predicting the timing of camera movements from the kinematics of instruments in robotic-assisted surgery using artificial neural networks},
  author={Kossowsky, Hanna and Nisky, Ilana},
  journal={IEEE Transactions on Medical Robotics and Bionics},
  volume={4},
  number={2},
  pages={391--402},
  year={2022},
  publisher={IEEE}
}

@article{yang2022autonomous,
  title={Autonomous Laparoscope Control for Minimally Invasive Surgery With Intuition and RCM Constraints},
  author={Yang, Sihang and Wang, Yiwei and Zhao, Huan and Cheng, Haoyuan and Ding, Han},
  journal={IEEE Robotics and Automation Letters},
  volume={7},
  number={3},
  pages={7934--7941},
  year={2022},
  publisher={IEEE}
}


@inproceedings{wang2022autolaparo,
  title={AutoLaparo: A New Dataset of Integrated Multi-tasks for Image-guided Surgical Automation in Laparoscopic Hysterectomy},
  author={Wang, Ziyi and Lu, Bo and Long, Yonghao and Zhong, Fangxun and Cheung, Tak-Hong and Dou, Qi and Liu, Yunhui},
  booktitle={Medical Image Computing and Computer Assisted Intervention--MICCAI 2022: 25th International Conference, Singapore, September 18--22, 2022, Proceedings, Part VII},
  pages={486--496},
  year={2022},
  organization={Springer}
}

@article{huber2022deep,
  title={Deep homography estimation in dynamic surgical scenes for laparoscopic camera motion extraction},
  author={Huber, Martin and Ourselin, S{\'e}bastien and Bergeles, Christos and Vercauteren, Tom},
  journal={Computer Methods in Biomechanics and Biomedical Engineering: Imaging \& Visualization},
  volume={10},
  number={3},
  pages={321--329},
  year={2022},
  publisher={Taylor \& Francis},
  doi={10.1080/21681163.2021.2002195}
}

@inproceedings{huber2023deep,
  title={Deep Homography Prediction for Endoscopic Camera Motion Imitation Learning},
  author={Huber, Martin and Ourselin, S{\'e}bastien and Bergeles, Christos and Vercauteren, Tom},
  booktitle={International Conference on Medical Image Computing and Computer-Assisted Intervention},
  pages={217--226},
  year={2023},
  organization={Springer},
  doi={10.1007/978-3-031-43996-4_21}
}

% doi = {10.1109/ISMR48346.2021.9661563}
% huber2021homography -> huber2021homographybased
@inproceedings{huber2021homographybased,
  title={Homography-based visual servoing with remote center of motion for semi-autonomous robotic endoscope manipulation},
  author={Huber, Martin and Mitchell, John Bason and Henry, Ross and Ourselin, S{\'e}bastien and Vercauteren, Tom and Bergeles, Christos},
  booktitle={2021 International Symposium on Medical Robotics (ISMR)},
  pages={1--7},
  year={2021},
  organization={IEEE},
  doi={10.1109/ISMR48346.2021.9661563}
}

@article{maier2022surgical,
  title={Surgical data science--from concepts toward clinical translation},
  author={Maier-Hein, Lena and Eisenmann, Matthias and Sarikaya, Duygu and M{\"a}rz, Keno and Collins, Toby and Malpani, Anand and Fallert, Johannes and Feussner, Hubertus and Giannarou, Stamatia and Mascagni, Pietro and others},
  journal={Medical image analysis},
  volume={76},
  pages={102306},
  year={2022},
  publisher={Elsevier}
}

@article{zidane2022robotics,
  title={Robotics in laparoscopic surgery-A review},
  author={Zidane, Iham F and Khattab, Yasmin and Rezeka, Sohair and El-Habrouk, Mohamed},
  journal={Robotica},
  pages={1--48},
  year={2022},
  publisher={Cambridge University Press}
}

@article{li2022learning,
  title={Learning laparoscope actions via video features for proactive robotic field-of-view control},
  author={Li, Bin and Lu, Bo and Wang, Ziyi and Zhong, Fangxun and Dou, Qi and Liu, Yun-Hui},
  journal={IEEE Robotics and Automation Letters},
  volume={7},
  number={3},
  pages={6653--6660},
  year={2022},
  publisher={IEEE}
}

@inproceedings{shvets2018automatic,
  title={Automatic instrument segmentation in robot-assisted surgery using deep learning},
  author={Shvets, Alexey A and Rakhlin, Alexander and Kalinin, Alexandr A and Iglovikov, Vladimir I},
  booktitle={2018 17th IEEE international conference on machine learning and applications (ICMLA)},
  pages={624--628},
  year={2018},
  organization={IEEE}
}

@article{hong2020cholecseg8k,
  title={Cholecseg8k: a semantic segmentation dataset for laparoscopic cholecystectomy based on cholec80},
  author={Hong, W-Y and Kao, C-L and Kuo, Y-H and Wang, J-R and Chang, W-L and Shih, C-S},
  journal={arXiv preprint arXiv:2012.12453},
  year={2020}
}

@article{alapatt2021temporally,
  title={Temporally Constrained Neural Networks (TCNN): A framework for semi-supervised video semantic segmentation},
  author={Alapatt, Deepak and Mascagni, Pietro and Vardazaryan, Armine and Garcia, Alain and Okamoto, Nariaki and Mutter, Didier and Marescaux, Jacques and Costamagna, Guido and Dallemagne, Bernard and Padoy, Nicolas},
  journal={arXiv preprint arXiv:2112.13815},
  year={2021}
}

@article{nwoye2022rendezvous,
  title={Rendezvous: Attention mechanisms for the recognition of surgical action triplets in endoscopic videos},
  author={Nwoye, Chinedu Innocent and Yu, Tong and Gonzalez, Cristians and Seeliger, Barbara and Mascagni, Pietro and Mutter, Didier and Marescaux, Jacques and Padoy, Nicolas},
  journal={Medical Image Analysis},
  volume={78},
  pages={102433},
  year={2022},
  publisher={Elsevier}
}

@inproceedings{czempiel2020tecno,
  title={Tecno: Surgical phase recognition with multi-stage temporal convolutional networks},
  author={Czempiel, Tobias and Paschali, Magdalini and Keicher, Matthias and Simson, Walter and Feussner, Hubertus and Kim, Seong Tae and Navab, Nassir},
  booktitle={Medical Image Computing and Computer Assisted Intervention--MICCAI 2020: 23rd International Conference, Lima, Peru, October 4--8, 2020, Proceedings, Part III 23},
  pages={343--352},
  year={2020},
  organization={Springer}
}

@article{padoy2019machine,
  title={Machine and deep learning for workflow recognition during surgery},
  author={Padoy, Nicolas},
  journal={Minimally Invasive Therapy \& Allied Technologies},
  volume={28},
  number={2},
  pages={82--90},
  year={2019},
  publisher={Taylor \& Francis}
}

@article{sandoval2021towards,
  title={Towards an autonomous robot-assistant for laparoscopy using exteroceptive sensors: feasibility study and implementation},
  author={Sandoval, J and Laribi, Med Amine and Faure, JP and Breque, Cyril and Richer, Jean-Pierre and Zeghloul, Sa{\"\i}d},
  journal={IEEE Robotics and Automation Letters},
  volume={6},
  number={4},
  pages={6473--6480},
  year={2021},
  publisher={IEEE}
}

@inproceedings{li2021data,
  title={Data-driven holistic framework for automated laparoscope optimal view control with learning-based depth perception},
  author={Li, Bin and Lu, Bo and Lu, Yiang and Dou, Qi and Liu, Yun-Hui},
  booktitle={2021 IEEE International Conference on Robotics and Automation (ICRA)},
  pages={12366--12372},
  year={2021},
  organization={IEEE}
}

@inproceedings{li20223d,
  title={3D perception based imitation learning under limited demonstration for laparoscope control in robotic surgery},
  author={Li, Bin and Wei, Ruofeng and Xu, Jiaqi and Lu, Bo and Yee, Chi Hang and Ng, Chi Fai and Heng, Pheng-Ann and Dou, Qi and Liu, Yun-Hui},
  booktitle={2022 International Conference on Robotics and Automation (ICRA)},
  pages={7664--7670},
  year={2022},
  organization={IEEE}
}
@article{DeTone2016DeepEstimation,
    title = {{Deep Image Homography Estimation}},
    year = {2016},
    author = {DeTone, Daniel and Malisiewicz, Tomasz and Rabinovich, Andrew},
    url = {http://arxiv.org/abs/1606.03798},
    arxivId = {1606.03798}
}

@article{Budd2022RapidDataset,
    title = {{Rapid and robust endoscopic content area estimation: a lean GPU-based pipeline and curated benchmark dataset}},
    year = {2022},
    journal = {Computer Methods in Biomechanics and Biomedical Engineering: Imaging and Visualization},
    author = {Budd, Charlie and Garcia-Peraza Herrera, Luis C. and Huber, Martin and Ourselin, Sebastien and Vercauteren, Tom},
    publisher = {Taylor and Francis Ltd.},
    doi = {10.1080/21681163.2022.2156393},
    issn = {21681171},
    keywords = {Endoscopy, computer vision, content area, laparoscopy}
}

@article{carstens2023dresden,
  title={The Dresden Surgical Anatomy Dataset for abdominal organ segmentation in surgical data science},
  author={Carstens, Matthias and Rinner, Franziska M and Bodenstedt, Sebastian and Jenke, Alexander C and Weitz, J{\"u}rgen and Distler, Marius and Speidel, Stefanie and Kolbinger, Fiona R},
  journal={Scientific Data},
  volume={10},
  number={1},
  pages={1--8},
  year={2023},
  publisher={Nature Publishing Group}
}

@article{loukas2018video,
  title={Video content analysis of surgical procedures},
  author={Loukas, Constantinos},
  journal={Surgical endoscopy},
  volume={32},
  pages={553--568},
  year={2018},
  publisher={Springer}
}
