@book{jobs,
  title = {Steve Jobs by Walter Isaacson},
  subtitle = {The Exclusive Biography},
  author = {Walter Isaacson},
  year = {2011},
  publisher = {Simon \& Schuster},
}
