% homography estimatino
huber2021deep article (now in chapter 4)
%      title={Deep Homography Estimation in Dynamic Surgical Scenes for Laparoscopic Camera Motion Extraction}, 
      author={Martin Huber and Sébastien Ourselin and Christos Bergeles and Tom Vercauteren},
      journal={arXiv preprint arXiv:2109.15098},
      year={2021}
}

@article{vitiello2012emerging,
  title     = {Emerging robotic platforms for minimally invasive surgery},
  author    = {Vitiello, Valentina and Lee, Su-Lin and Cundy, Thomas P and Yang, Guang-Zhong},
  journal   = {IEEE reviews in biomedical engineering},
  volume    = {6},
  pages     = {111--126},
  year      = {2012},
  publisher = {IEEE}
}

% tremor
@article{horgan2001robots,
  title     = {Robots in laparoscopic surgery},
  author    = {Horgan, Santiago and Vanuno, Daniel},
  journal   = {Journal of Laparoendoscopic \& Advanced Surgical Techniques},
  volume    = {11},
  number    = {6},
  pages     = {415--419},
  year      = {2001},
  publisher = {Mary Ann Liebert, Inc.}
}

% fatigue
@article{palep2009robotic,
  title     = {Robotic assisted minimally invasive surgery},
  author    = {Palep, Jaydeep H},
  journal   = {Journal of minimal access surgery},
  volume    = {5},
  number    = {1},
  pages     = {1},
  year      = {2009},
  publisher = {Wolters Kluwer--Medknow Publications}
}

% visual servoing in medical robotics
@article{azizian2014visual,
  title     = {Visual servoing in medical robotics: a survey. Part I: endoscopic and direct vision imaging--techniques and applications},
  author    = {Azizian, Mahdi and Khoshnam, Mahta and Najmaei, Nima and Patel, Rajni V},
  journal   = {The international journal of medical robotics and computer assisted surgery},
  volume    = {10},
  number    = {3},
  pages     = {263--274},
  year      = {2014},
  publisher = {Wiley Online Library},
  note      = {PMID:24106103},
  doi       = {10.1002/rcs.1531}
}

% robotic endoscope holders
@article{unger1994aesop,
  title   = {AESOP robotic arm.},
  author  = {Unger, SW and Unger, HM and Bass, RT},
  journal = {Surgical endoscopy},
  volume  = {8},
  number  = {9},
  pages   = {1131--1131},
  year    = {1994}
}

@article{gilbert2009endoassist,
  title     = {The EndoAssist robotic camera holder as an aid to the introduction of laparoscopic colorectal surgery},
  author    = {Gilbert, JM},
  journal   = {The Annals of The Royal College of Surgeons of England},
  volume    = {91},
  number    = {5},
  pages     = {389--393},
  year      = {2009},
  publisher = {The Royal College of Surgeons of England}
}

@article{long2007development,
  title     = {Development of miniaturized light endoscope-holder robot for laparoscopic surgery},
  author    = {Long, Jean-Alexandre and Cinquin, Philippe and Troccaz, Jocelyne and Voros, Sandrine and Berkelman, Peter and Descotes, Jean-Luc and Letoublon, Christian and Rambeaud, Jean-Jacques},
  journal   = {Journal of Endourology},
  volume    = {21},
  number    = {8},
  pages     = {911--914},
  year      = {2007},
  publisher = {Mary Ann Liebert, Inc. 140 Huguenot Street, 3rd Floor New Rochelle, NY 10801~…}
}

@article{voros2010viky,
  title     = {ViKY robotic scope holder: Initial clinical experience and preliminary results using instrument tracking},
  author    = {Voros, Sandrine and Haber, Georges-Pascal and Menudet, Jean-Fran{\c{c}}ois and Long, Jean-Alexandre and Cinquin, Philippe},
  journal   = {IEEE/ASME transactions on mechatronics},
  volume    = {15},
  number    = {6},
  pages     = {879--886},
  year      = {2010},
  publisher = {IEEE}
}

% overview of controllers
@article{taniguchi2010classification,
  title     = {Classification, design and evaluation of endoscope robots},
  author    = {Taniguchi, Kazuhiro and Nishikawa, Atsushi and Sekimoto, Mitsugu and Kobayashi, Takeharu and Kazuhara, Kouhei and Ichihara, Takaharu and Kurashita, Naoto and Takiguchi, Shuji and Doki, Yuichiro and Mori, Masaki and others},
  journal   = {Robot Surgery},
  volume    = {1},
  pages     = {172},
  year      = {2010},
  publisher = {InTech}
}

@article{su2019improved,
  title     = {Improved human--robot collaborative control of redundant robot for teleoperated minimally invasive surgery},
  author    = {Su, Hang and Yang, Chenguang and Ferrigno, Giancarlo and De Momi, Elena},
  journal   = {IEEE Robotics and Automation Letters},
  volume    = {4},
  number    = {2},
  pages     = {1447--1453},
  year      = {2019},
  publisher = {IEEE}
}

@article{moustris2011evolution,
  title     = {Evolution of autonomous and semi-autonomous robotic surgical systems: a review of the literature},
  author    = {Moustris, George P and Hiridis, Savvas C and Deliparaschos, Kyriakos M and Konstantinidis, Konstantinos M},
  journal   = {The international journal of medical robotics and computer assisted surgery},
  volume    = {7},
  number    = {4},
  pages     = {375--392},
  year      = {2011},
  publisher = {Wiley Online Library}
}

% aesop voice control
@article{nathan2006voice,
  title     = {The voice-controlled robotic assist scope holder AESOP for the endoscopic approach to the sella},
  author    = {Nathan, Cherie-Ann O and Chakradeo, Vinaya and Malhotra, Kavita and D'Agostino, Horacio and Patwardhan, Ravish},
  journal   = {Skull Base},
  volume    = {16},
  number    = {3},
  pages     = {123},
  year      = {2006},
  publisher = {Thieme Medical Publishers}
}


% endoassist operation time reduction
@article{aiono2002controlled,
  title     = {Controlled trial of the introduction of a robotic camera assistant (Endo Assist) for laparoscopic cholecystectomy},
  author    = {Aiono, S and Gilbert, JM and Soin, B and Finlay, PA and Gordan, A},
  journal   = {Surgical Endoscopy and Other Interventional Techniques},
  volume    = {16},
  number    = {9},
  pages     = {1267--1270},
  year      = {2002},
  publisher = {Springer}
}

% kinematics in mis
@article{kuo2012kinematic,
  title     = {Kinematic design considerations for minimally invasive surgical robots: an overview},
  author    = {Kuo, Chin-Hsing and Dai, Jian S and Dasgupta, Prokar},
  journal   = {The International Journal of Medical Robotics and Computer Assisted Surgery},
  volume    = {8},
  number    = {2},
  pages     = {127--145},
  year      = {2012},
  publisher = {Wiley Online Library}
}

% mechanical rcom
@article{omote1999self,
  title     = {Self-guided robotic camera control for laparoscopic surgery compared with human camera control},
  author    = {Omote, Kazuhiko and Feussner, Hubertus and Ungeheuer, Andreas and Arbter, Klaus and Wei, Guo-Qing and Siewert, J R{\"u}diger and Hirzinger, Gerd},
  journal   = {The American journal of surgery},
  volume    = {177},
  number    = {4},
  pages     = {321--324},
  year      = {1999},
  publisher = {Elsevier}
}

@article{voros2007automatic,
  title     = {Automatic detection of instruments in laparoscopic images: A first step towards high-level command of robotic endoscopic holders},
  author    = {Voros, Sandrine and Long, Jean-Alexandre and Cinquin, Philippe},
  journal   = {The International Journal of Robotics Research},
  volume    = {26},
  number    = {11-12},
  pages     = {1173--1190},
  year      = {2007},
  publisher = {Sage Publications Sage UK: London, England}
}

@article{eslamian2020development,
  title     = {Development and evaluation of an autonomous camera control algorithm on the da Vinci Surgical System},
  author    = {Eslamian, Shahab and Reisner, Luke A and Pandya, Abhilash K},
  journal   = {The International Journal of Medical Robotics and Computer Assisted Surgery},
  volume    = {16},
  number    = {2},
  pages     = {e2036},
  year      = {2020},
  publisher = {Wiley Online Library}
}

@article{mariani2020experimental,
  title     = {An experimental comparison towards autonomous camera navigation to optimize training in robot assisted surgery},
  author    = {Mariani, Andrea and Colaci, Giorgia and Da Col, Tommaso and Sanna, Nicole and Vendrame, Eleonora and Menciassi, Arianna and De Momi, Elena},
  journal   = {IEEE Robotics and Automation Letters},
  volume    = {5},
  number    = {2},
  pages     = {1461--1467},
  year      = {2020},
  publisher = {IEEE}
}

@inproceedings{dascan,
  title        = {Scan: System for camera autonomous navigation in robotic-assisted surgery},
  author       = {Da Col, Tommaso and Mariani, Andrea and Deguet, Anton and Menciassi, Arianna and Kazanzides, Peter and De Momi, Elena},
  booktitle    = {2020 IEEE/RSJ International Conference on Intelligent Robots and Systems (IROS)},
  pages        = {2996--3002},
  year         = {2020},
  organization = {IEEE}
}

@article{Eslamian2016TowardsTI,
  title   = {Towards the Implementation of an Autonomous Camera Algorithm on the da Vinci Platform},
  author  = {Shahab Eslamian and L. Reisner and B. King and A. Pandya},
  journal = {Studies in health technology and informatics},
  year    = {2016},
  volume  = {220},
  pages   = {118-23}
}

@misc{eslamian2017autonomous,
  title  = {An autonomous camera system using the da vinci research kit},
  author = {Eslamian, Shahab and Reisner, Luke A and King, Brady W and Pandya, Abhilash K},
  year   = {2017}
}

@article{yu2016automatic,
  title     = {Automatic guidance of laparoscope based on the region of interest for robot assisted laparoscopic surgery},
  author    = {Yu, Lingtao and Li, Hongwei and Zhao, Lingyan and Ren, Sixu and Gu, Qing},
  journal   = {Computer Assisted Surgery},
  volume    = {21},
  number    = {sup1},
  pages     = {17--21},
  year      = {2016},
  publisher = {Taylor \& Francis}
}

@misc{abdelaal2020orientation,
  title         = {Orientation Matters: 6-DoF Autonomous Camera Movement for Minimally Invasive Surgery},
  author        = {Alaa Eldin Abdelaal and Nancy Hong and Apeksha Avinash and Divya Budihal and Maram Sakr and Gregory D. Hager and Septimiu E. Salcudean},
  year          = {2020},
  eprint        = {2012.02836},
  archiveprefix = {arXiv},
  primaryclass  = {cs.RO}
}

@article{ma2019autonomous,
  title     = {Autonomous flexible endoscope for minimally invasive surgery with enhanced safety},
  author    = {Ma, Xin and Song, Chengzhi and Chiu, Philip Waiyan and Li, Zheng},
  journal   = {IEEE Robotics and Automation Letters},
  volume    = {4},
  number    = {3},
  pages     = {2607--2613},
  year      = {2019},
  publisher = {IEEE}
}

@article{ma2020visual,
  title     = {Visual Servo of a 6-DOF Robotic Stereo Flexible Endoscope Based on da Vincix Research Kit (dVRK) System},
  author    = {Ma, Xin and Song, Chengzhi and Chiu, Philip Waiyan and Li, Zheng},
  journal   = {IEEE Robotics and Automation Letters},
  volume    = {5},
  number    = {2},
  pages     = {820--827},
  year      = {2020},
  publisher = {IEEE}
}

% programmable rcom
@inproceedings{aghakhani2013task,
  title        = {Task control with remote center of motion constraint for minimally invasive robotic surgery},
  author       = {Aghakhani, Nastaran and Geravand, Milad and Shahriari, Navid and Vendittelli, Marilena and Oriolo, Giuseppe},
  booktitle    = {2013 IEEE International Conference on Robotics and Automation},
  pages        = {5807--5812},
  year         = {2013},
  organization = {IEEE},
  doi          = {10.1109/ICRA.2013.6631412}
}

@article{yang2019adaptive,
  title     = {Adaptive fov control of laparoscopes with programmable composed constraints},
  author    = {Yang, Bohan and Chen, Wei and Wang, Zerui and Lu, Yiang and Mao, Jiayue and Wang, Hesheng and Liu, Yun-Hui},
  journal   = {IEEE Transactions on Medical Robotics and Bionics},
  volume    = {1},
  number    = {4},
  pages     = {206--217},
  year      = {2019},
  publisher = {IEEE}
}

@article{li2020accelerated,
  title     = {An accelerated finite-time convergent neural network for visual servoing of a flexible surgical endoscope with physical and {RCM} constraints},
  author    = {Li, Weibing and Chiu, Philip Wai Yan and Li, Zheng},
  journal   = {IEEE transactions on neural networks and learning systems},
  volume    = {31},
  number    = {12},
  pages     = {5272--5284},
  year      = {2020},
  publisher = {IEEE}
}

@inproceedings{osa2010framework,
  title        = {Framework of automatic robot surgery system using visual servoing},
  author       = {Osa, Takayuki and Staub, Christoph and Knoll, Alois},
  booktitle    = {2010 IEEE/RSJ International Conference on Intelligent Robots and Systems},
  pages        = {1837--1842},
  year         = {2010},
  organization = {IEEE}
}

% classical vs
@article{chaumette2006visual,
  title     = {Visual servo control. I. Basic approaches},
  author    = {Chaumette, Fran{\c{c}}ois and Hutchinson, Seth},
  journal   = {IEEE Robotics \& Automation Magazine},
  volume    = {13},
  number    = {4},
  pages     = {82--90},
  year      = {2006},
  publisher = {IEEE}
}

% setup
@inproceedings{schreiber2010fast,
  title        = {The fast research interface for the kuka lightweight robot},
  author       = {Schreiber, G{\"u}nter and Stemmer, Andreas and Bischoff, Rainer},
  booktitle    = {IEEE Workshop on Innovative Robot Control Architectures for Demanding (Research) Applications How to Modify and Enhance Commercial Controllers (ICRA 2010)},
  pages        = {15--21},
  year         = {2010},
  organization = {Citeseer}
}

% surf and distance
@inproceedings{bay2006surf,
  author    = {Bay, Herbert
               and Tuytelaars, Tinne
               and Van Gool, Luc},
  editor    = {Leonardis, Ale{\v{s}}
               and Bischof, Horst
               and Pinz, Axel},
  title     = {SURF: Speeded Up Robust Features},
  booktitle = {Computer Vision -- ECCV 2006},
  year      = {2006},
  publisher = {Springer Berlin Heidelberg},
  address   = {Berlin, Heidelberg},
  pages     = {404--417},
  abstract  = {In this paper, we present a novel scale- and rotation-invariant interest point detector and descriptor, coined SURF (Speeded Up Robust Features). It approximates or even outperforms previously proposed schemes with respect to repeatability, distinctiveness, and robustness, yet can be computed and compared much faster.},
  isbn      = {978-3-540-33833-8}
}

@article{lowe2004distinctive,
  title     = {Distinctive image features from scale-invariant keypoints},
  author    = {Lowe, David G},
  journal   = {International journal of computer vision},
  volume    = {60},
  number    = {2},
  pages     = {91--110},
  year      = {2004},
  publisher = {Springer}
}

% results
@article{buss2005selectively,
  title     = {Selectively damped least squares for inverse kinematics},
  author    = {Buss, Samuel R and Kim, Jin-Su},
  journal   = {Journal of Graphics tools},
  volume    = {10},
  number    = {3},
  pages     = {37--49},
  year      = {2005},
  publisher = {Taylor \& Francis}
}

@article{sun2020visual,
  title     = {Visual-based autonomous field of view control of laparoscope with safety-RCM constraints for semi-autonomous surgery},
  author    = {Sun, Yanwen and Pan, Bo and Fu, Yili and Niu, Guojun},
  journal   = {The International Journal of Medical Robotics and Computer Assisted Surgery},
  volume    = {16},
  number    = {2},
  pages     = {e2079},
  year      = {2020},
  publisher = {Wiley Online Library}
}

@article{sun2020development,
  title     = {Development of a novel intelligent laparoscope system for semi-automatic minimally invasive surgery},
  author    = {Sun, Yanwen and Pan, Bo and Fu, Yili and Cao, Fayi},
  journal   = {The International Journal of Medical Robotics and Computer Assisted Surgery},
  volume    = {16},
  number    = {1},
  pages     = {e2049},
  year      = {2020},
  publisher = {Wiley Online Library}
}

@article{sun2020adaptive,
  title     = {Adaptive fusion-based autonomous laparoscope control for semi-autonomous surgery},
  author    = {Sun, Yanwen and Pan, Bo and Zou, Shuizhong and Fu, Yili},
  journal   = {Journal of medical systems},
  volume    = {44},
  number    = {1},
  pages     = {1--13},
  year      = {2020},
  publisher = {Springer}
}

@inproceedings{hutchinson2020reactive,
  title        = {A Reactive Autonomous Camera System for the RAVEN II Surgical Robot},
  author       = {Hutchinson, Kay and Yasar, Mohammad Samin and Bhatia, Harshneet and Alemzadeh, Homa},
  booktitle    = {2020 International Symposium on Medical Robotics (ISMR)},
  pages        = {195--201},
  year         = {2020},
  organization = {IEEE}
}
