@inproceedings{Triggs:VisAlg:2000,
  title        = {Bundle adjustment -- A modern synthesis},
  author       = {Triggs, Bill and McLauchlan, Philip F and Hartley, Richard I and Fitzgibbon, Andrew W},
  booktitle    = {Vision Algorithms: Theory and Practice: International Workshop on Vision Algorithms Corfu, Greece, September 21--22, 1999 Proceedings},
  pages        = {298--372},
  year         = {2000},
  organization = {Springer}
}

@inproceedings{Zach:ECCV:2014,
  title        = {Robust bundle adjustment revisited},
  author       = {Zach, Christopher},
  booktitle    = {Computer Vision--ECCV 2014: 13th European Conference, Zurich, Switzerland, September 6-12, 2014, Proceedings, Part V 13},
  pages        = {772--787},
  year         = {2014},
  organization = {Springer}
}

@inproceedings{Zach:ECCV:2018,
  title     = {Descending, lifting or smoothing: Secrets of robust cost optimization},
  author    = {Zach, Christopher and Bourmaud, Guillaume},
  booktitle = {Proceedings of the European Conference on Computer Vision (ECCV)},
  pages     = {547--562},
  year      = {2018}
}

@article{Green:JRSSB:1984,
  title     = {Iteratively reweighted least squares for maximum likelihood estimation, and some robust and resistant alternatives},
  author    = {Green, Peter J},
  journal   = {Journal of the Royal Statistical Society: Series B (Methodological)},
  volume    = {46},
  number    = {2},
  pages     = {149--170},
  year      = {1984},
  publisher = {Wiley Online Library}
}

@inproceedings{Rusinkiewicz:IC3DIM:2001,
  title        = {Efficient variants of the {ICP} algorithm},
  author       = {Rusinkiewicz, Szymon and Levoy, Marc},
  booktitle    = {Proceedings third international conference on 3-D digital imaging and modeling},
  pages        = {145--152},
  year         = {2001},
  organization = {IEEE}
}

@article{Mahony:JGO:2002,
  title     = {The geometry of the {N}ewton method on non-compact {L}ie groups},
  author    = {Mahony, Robert and Manton, Jonathan H},
  journal   = {Journal of Global Optimization},
  volume    = {23},
  number    = {3-4},
  pages     = {309--327},
  year      = {2002},
  publisher = {Springer}
}

@inproceedings{Vercauteren:IPMI:2007,
  title        = {Insight into efficient image registration techniques and the demons algorithm},
  author       = {Vercauteren, Tom and Pennec, Xavier and Malis, Ezio and Perchant, Aymeric and Ayache, Nicholas},
  booktitle    = {Biennial International Conference on Information Processing in Medical Imaging},
  pages        = {495--506},
  year         = {2007},
  organization = {Springer}
}

@misc{Kirillov:arxiv:2023,
  title         = {Segment Anything},
  author        = {Alexander Kirillov and Eric Mintun and Nikhila Ravi and Hanzi Mao and Chloe Rolland and Laura Gustafson and Tete Xiao and Spencer Whitehead and Alexander C. Berg and Wan-Yen Lo and Piotr Dollár and Ross Girshick},
  year          = {2023},
  eprint        = {2304.02643},
  archiveprefix = {arXiv},
  primaryclass  = {cs.CV}
}

@inproceedings{Labbe:CVPR:2021,
  title     = {Single-view robot pose and joint angle estimation via render \& compare},
  author    = {Labb{\'e}, Yann and Carpentier, Justin and Aubry, Mathieu and Sivic, Josef},
  booktitle = {Proceedings of the IEEE/CVF Conference on Computer Vision and Pattern Recognition},
  pages     = {1654--1663},
  year      = {2021}
}

@article{Chen:RAL:2023,
  title     = {EasyHeC: Accurate and Automatic Hand-Eye Calibration Via Differentiable Rendering and Space Exploration},
  volume    = {8},
  issn      = {2377-3774},
  url       = {http://dx.doi.org/10.1109/LRA.2023.3315551},
  doi       = {10.1109/lra.2023.3315551},
  number    = {11},
  journal   = {IEEE Robotics and Automation Letters},
  publisher = {Institute of Electrical and Electronics Engineers (IEEE)},
  author    = {Chen, Linghao and Qin, Yuzhe and Zhou, Xiaowei and Su, Hao},
  year      = {2023},
  month     = nov,
  pages     = {7234–7241}
}

@inproceedings{Hannemose:SPIE:2019,
  title        = {Superaccurate camera calibration via inverse rendering},
  author       = {Hannemose, Morten and Wilm, Jakob and Frisvad, Jeppe Revall},
  booktitle    = {Modeling Aspects in Optical Metrology VII},
  volume       = {11057},
  pages        = {252--260},
  year         = {2019},
  organization = {SPIE}
}

@article{Fitzgibbon:IVC:2003,
  title     = {Robust registration of {2D} and {3D} point sets},
  author    = {Fitzgibbon, Andrew W},
  journal   = {Image and vision computing},
  volume    = {21},
  number    = {13-14},
  pages     = {1145--1153},
  year      = {2003},
  publisher = {Elsevier}
}

@article{Felzenszwalb:TC:2012,
  title     = {Distance transforms of sampled functions},
  author    = {Felzenszwalb, Pedro F and Huttenlocher, Daniel P},
  journal   = {Theory of computing},
  volume    = {8},
  number    = {1},
  pages     = {415--428},
  year      = {2012},
  publisher = {Theory of Computing Exchange}
}

@inproceedings{Cao:SIGGRAPH:2010,
  title     = {Parallel banding algorithm to compute exact distance transform with the {GPU}},
  author    = {Cao, Thanh-Tung and Tang, Ke and Mohamed, Anis and Tan, Tiow-Seng},
  booktitle = {Proceedings of the 2010 ACM SIGGRAPH symposium on Interactive 3D Graphics and Games},
  pages     = {83--90},
  year      = {2010}
}

@inproceedings{Pineda:NeurIPS:2023,
  author       = {Pineda, Luis and Fan, Taosha and Monge, Maurizio and Venkataraman, Shobha and Sodhi, Paloma and Chen, Ricky T. Q. and Ortiz, Joseph and DeTone, Daniel and Wang, Austin and Anderson, Stuart and Dong, Jing and Amos, Brandon and Mukadam, Mustafa},
  booktitle    = {Advances in Neural Information Processing Systems},
  editor       = {S. Koyejo and S. Mohamed and A. Agarwal and D. Belgrave and K. Cho and A. Oh},
  pages        = {3801--3818},
  optpublisher = {Curran Associates, Inc.},
  title        = {Theseus: A Library for Differentiable Nonlinear Optimization},
  opturl       = {https://proceedings.neurips.cc/paper_files/paper/2022/file/185969291540b3cd86e70c51e8af5d08-Paper-Conference.pdf},
  volume       = {35},
  year         = {2022}
}

@misc{Agarwal:Ceres:2022,
  author  = {Agarwal, Sameer and Mierle, Keir and {The Ceres Solver Team}},
  title   = {{C}eres Solver},
  license = {Apache-2.0},
  opturl  = {https://github.com/ceres-solver/ceres-solver},
  version = {2.2},
  year    = {2023},
  month   = {10}
}

@article{Lavallee:PAMI:1995,
  title     = {Recovering the position and orientation of free-form objects from image contours using {3D} distance maps},
  author    = {Lavall{\'e}e, St{\'e}phane and Szeliski, Richard},
  journal   = {IEEE Transactions on pattern analysis and machine intelligence},
  volume    = {17},
  number    = {4},
  pages     = {378--390},
  year      = {1995},
  publisher = {IEEE}
}
