@inreference{oedendoscopy,
  title     = {endoscopy (n.)},
  booktitle = {OED Online},
  date      = {2023-01},
  publisher = {Oxford University Press},
  url       = {https://www.oed.com/dictionary/endoscopy_n},
  urldate   = {2023-01-15},
}

@article{sheetz2020trends,
  title={Trends in the adoption of robotic surgery for common surgical procedures},
  author={Sheetz, Kyle H and Claflin, Jake and Dimick, Justin B},
  journal={JAMA network open},
  volume={3},
  number={1},
  pages={e1918911--e1918911},
  year={2020},
  publisher={American Medical Association}
}

@article{ngu2017vinci,
  title={The da Vinci Xi: a review of its capabilities, versatility, and potential role in robotic colorectal surgery},
  author={Ngu, James Chi-Yong and Tsang, Charles Bih-Shiou and Koh, Dean Chi-Siong},
  journal={Robotic Surgery: Research and Reviews},
  pages={77--85},
  year={2017},
  publisher={Taylor \& Francis}
}

@article{majumdar1993short,
  title={A short history of gastrointestinal endoscopy.},
  author={Majumdar, Sisir Kumar},
  journal={Bulletin of the Indian Institute of History of Medicine (Hyderabad)},
  volume={23},
  number={1},
  pages={67--86},
  year={1993}
}

@article{cuschieri1994intraoperative,
  title={Intraoperative cholangiography during laparoscopic cholecystectomy: routine vs selective policy},
  author={Cuschieri, A and Shimi, S and Banting, S and Nathanson, LK and Pietrabissa, A},
  journal={Surgical endoscopy},
  volume={8},
  pages={302--305},
  year={1994},
  publisher={Springer}
}


@article{archana2018comparing,
  title={Comparing the harmonic scalpel with electrocautery in reducing postoperative flap necrosis and seroma formation after modified radical mastectomy in carcinoma breast patients: a double-blind prospective randomized control trail},
  author={Archana, Arumugom and Sureshkumar, Sathasivam and Vijayakumar, Chellappa and Palanivel, Chinnakali and Chinnakali, Palanivel},
  journal={Cureus},
  volume={10},
  number={4},
  year={2018},
  publisher={Cureus}
}

@article{ALES5766,
	author = {Arnab Majumder and Maria S. Altieri and L. Michael Brunt},
	title = {How do I do it: laparoscopic cholecystectomy},
	journal = {Annals of Laparoscopic and Endoscopic Surgery},
	volume = {5},
	number = {0},
	year = {2020},
	keywords = {},
	abstract = {},
	issn = {2518-6973},	url = {https://ales.amegroups.org/article/view/5766}
}

@misc{sages2010room,
  author = {SAGES},
  title = {Basic room setup.},
  year = {2010},
  howpublished = {\url{https://www.sages.org/image-library/basic-room-setup/}},
  note = {Fundamentals: Laparoscopy-General Principals, Accessed: 2024-01-26},
  publisher = {SAGES}
}

@article{blausen2014laparoscopy,
  author = {Blausen.com staff},
  title = {Medical gallery of Blausen Medical},
  journal = {WikiJournal of Medicine},
  volume = {1},
  year = {2014},
  pages = {DOI:10.15347/wjm/2014.010},
  issn = {2002-4436},
}

@article{shi2023laparoscopic,
  title={Laparoscopic vs. open surgery: A comparative analysis of wound infection rates and recovery outcomes},
  author={Shi, Zhen},
  journal={International wound journal},
  year={2023},
  publisher={Wiley Online Library}
}

@article{john2020rise,
  title={The rise of minimally invasive surgery: 16 year analysis of the progressive replacement of open surgery with laparoscopy},
  author={John, Ace St and Caturegli, Ilaria and Kubicki, Natalia S and Kavic, Stephen M},
  journal={JSLS: Journal of the Society of Laparoscopic \& Robotic Surgeons},
  volume={24},
  number={4},
  year={2020},
  publisher={Society of Laparoscopic \& Robotic Surgeons}
}

@article{maynou2021patterns,
  title={Patterns of adoption of robotic radical prostatectomy in the United States and England},
  author={Maynou, Laia and Mehtsun, Winta T and Serra-Sastre, Victoria and Papanicolas, Irene},
  journal={Health services research},
  volume={56},
  pages={1441--1461},
  year={2021},
  publisher={Wiley Online Library}
}

@inproceedings{hutzl2015knowledge,
  title={Knowledge-based workspace optimization of a redundant robot for minimally invasive robotic surgery (MIRS)},
  author={Hutzl, Jessica and Bihlmaier, Andreas and Wagner, Martin and Kenngott, Hannes G{\"o}tz and M{\"u}ller, Beat Peter and W{\"o}rn, Heinz},
  booktitle={2015 IEEE International Conference on Robotics and Biomimetics (ROBIO)},
  pages={1403--1408},
  year={2015},
  organization={IEEE}
}

@article{zelechowski2023automatic,
  title={Automatic patient positioning based on robot rotational workspace for extended reality},
  author={{\.Z}elechowski, Marek and Faludi, Bal{\'a}zs and Karnam, Murali and Gerig, Nicolas and Rauter, Georg and Cattin, Philippe C},
  journal={International Journal of Computer Assisted Radiology and Surgery},
  pages={1--9},
  year={2023},
  publisher={Springer}
}

@article{alhusseinawi2023validation,
  title={Validation of a surgical workspace scale during robot-assisted surgery},
  author={Alhusseinawi, Hayder and Haase, Rikke and Rasmussen, Sten and Jensen, J{\o}rgen B and Kingo, Pernille S},
  journal={The International Journal of Medical Robotics and Computer Assisted Surgery},
  volume={19},
  number={1},
  pages={e2482},
  year={2023},
  publisher={Wiley Online Library}
}

@article{sadeghian2019constrained,
  title={Constrained kinematic control in minimally invasive robotic surgery subject to remote center of motion constraint},
  author={Sadeghian, Hamid and Zokaei, Fatemeh and Jazi, Shahram Hadian},
  journal={Journal of Intelligent \& Robotic Systems},
  volume={95},
  number={3-4},
  pages={901--913},
  year={2019},
  publisher={Springer}
}

@inproceedings{benhimane2006homography,
  title={Homography-based 2D visual servoing},
  author={Benhimane, Selim and Malis, Ezio},
  booktitle={Proceedings 2006 IEEE International Conference on Robotics and Automation, 2006. ICRA 2006.},
  pages={2397--2402},
  year={2006},
  organization={IEEE}
}

@article{bradski2000opencv,
  title={OpenCV},
  author={Bradski, Gary and Kaehler, Adrian},
  journal={Dr. Dobbâ€™s journal of software tools},
  volume={3},
  year={2000}
}

@article{bateux2017visual,
  title={Visual servoing from deep neural networks},
  author={Bateux, Quentin and Marchand, Eric and Leitner, J{\"u}rgen and Chaumette, Fran{\c{c}}ois and Corke, Peter},
  journal={arXiv preprint arXiv:1705.08940},
  year={2017}
}

@article{zhang2019content,
  title={Content-aware unsupervised deep homography estimation},
  author={Zhang, Jirong and Wang, Chuan and Liu, Shuaicheng and Jia, Lanpeng and Ye, Nianjin and Wang, Jue and Zhou, Ji and Sun, Jian},
  journal={arXiv preprint arXiv:1909.05983},
  year={2019}
}

@article{ye2017self,
  title={Self-supervised siamese learning on stereo image pairs for depth estimation in robotic surgery},
  author={Ye, Menglong and Johns, Edward and Handa, Ankur and Zhang, Lin and Pratt, Philip and Yang, Guang-Zhong},
  journal={arXiv preprint arXiv:1705.08260},
  year={2017}
}

@article{ahmidi2017dataset,
  title={A dataset and benchmarks for segmentation and recognition of gestures in robotic surgery},
  author={Ahmidi, Narges and Tao, Lingling and Sefati, Shahin and Gao, Yixin and Lea, Colin and Haro, Benjamin Bejar and Zappella, Luca and Khudanpur, Sanjeev and Vidal, Ren{\'e} and Hager, Gregory D},
  journal={IEEE Transactions on Biomedical Engineering},
  volume={64},
  number={9},
  pages={2025--2041},
  year={2017},
  publisher={IEEE}
}

@article{mitsuishi2013master,
  title={Master--slave robotic platform and its feasibility study for micro-neurosurgery},
  author={Mitsuishi, Mamoru and Morita, Akio and Sugita, Naohiko and Sora, Shigeo and Mochizuki, Ryo and Tanimoto, Keiji and Baek, Young Min and Takahashi, Hiroki and Harada, Kanako},
  journal={The International Journal of Medical Robotics and Computer Assisted Surgery},
  volume={9},
  number={2},
  pages={180--189},
  year={2013},
  publisher={Wiley Online Library}
}

@article{ross2020robust,
  title={Robust Medical Instrument Segmentation Challenge 2019},
  author={Ross, Tobias and Reinke, Annika and Full, Peter M and Wagner, Martin and Kenngott, Hannes and Apitz, Martin and Hempe, Hellena and Filimon, Diana Mindroc and Scholz, Patrick and Tran, Thuy Nuong and others},
  journal={arXiv preprint arXiv:2003.10299},
  year={2020}
}

@inproceedings{koenig2004design,
  title={Design and use paradigms for gazebo, an open-source multi-robot simulator},
  author={Koenig, Nathan and Howard, Andrew},
  booktitle={2004 IEEE/RSJ International Conference on Intelligent Robots and Systems (IROS)(IEEE Cat. No. 04CH37566)},
  volume={3},
  pages={2149--2154},
  year={2004},
  organization={IEEE}
}

@article{lindeberg2012scale,
  title={Scale invariant feature transform},
  author={Lindeberg, Tony},
  year={2012}
}

@article{fischler1981random,
  title={Random sample consensus: a paradigm for model fitting with applications to image analysis and automated cartography},
  author={Fischler, Martin A and Bolles, Robert C},
  journal={Communications of the ACM},
  volume={24},
  number={6},
  pages={381--395},
  year={1981},
  publisher={ACM New York, NY, USA}
}

@article{buss2004introduction,
  title={Introduction to inverse kinematics with jacobian transpose, pseudoinverse and damped least squares methods},
  author={Buss, Samuel R},
  journal={IEEE Journal of Robotics and Automation},
  volume={17},
  number={1-19},
  pages={16},
  year={2004}
}

@article{chitta2012moveit,
  title={Moveit![ros topics]},
  author={Chitta, Sachin and Sucan, Ioan and Cousins, Steve},
  journal={IEEE Robotics \& Automation Magazine},
  volume={19},
  number={1},
  pages={18--19},
  year={2012},
  publisher={IEEE}
}

@article{guennebaud2010eigen,
  title={Eigen},
  author={Guennebaud, Ga{\"e}l and Jacob, Benoit and others},
  journal={URl: http://eigen. tuxfamily. org},
  year={2010}
}

@inproceedings{quigley2009ros,
  title={ROS: an open-source Robot Operating System},
  author={Quigley, Morgan and Conley, Ken and Gerkey, Brian and Faust, Josh and Foote, Tully and Leibs, Jeremy and Wheeler, Rob and Ng, Andrew Y and others},
  booktitle={ICRA workshop on open source software},
  volume={3},
  number={3.2},
  pages={5},
  year={2009},
  organization={Kobe, Japan}
}

@inproceedings{riba2020kornia,
  title={Kornia: an open source differentiable computer vision library for pytorch},
  author={Riba, Edgar and Mishkin, Dmytro and Ponsa, Daniel and Rublee, Ethan and Bradski, Gary},
  booktitle={Proceedings of the IEEE/CVF Winter Conference on Applications of Computer Vision},
  pages={3674--3683},
  year={2020}
}

@article{ho2016generative,
  title={Generative adversarial imitation learning},
  author={Ho, Jonathan and Ermon, Stefano},
  journal={arXiv preprint arXiv:1606.03476},
  year={2016}
}

@inproceedings{pathak2018zero,
  title={Zero-shot visual imitation},
  author={Pathak, Deepak and Mahmoudieh, Parsa and Luo, Guanghao and Agrawal, Pulkit and Chen, Dian and Shentu, Yide and Shelhamer, Evan and Malik, Jitendra and Efros, Alexei A and Darrell, Trevor},
  booktitle={Proceedings of the IEEE conference on computer vision and pattern recognition workshops},
  pages={2050--2053},
  year={2018}
}

@article{aytar2018playing,
  title={Playing hard exploration games by watching youtube},
  author={Aytar, Yusuf and Pfaff, Tobias and Budden, David and Paine, Tom Le and Wang, Ziyu and de Freitas, Nando},
  journal={arXiv preprint arXiv:1805.11592},
  year={2018}
}

@inproceedings{pakhomov2019deep,
  title={Deep residual learning for instrument segmentation in robotic surgery},
  author={Pakhomov, Daniil and Premachandran, Vittal and Allan, Max and Azizian, Mahdi and Navab, Nassir},
  booktitle={International Workshop on Machine Learning in Medical Imaging},
  pages={566--573},
  year={2019},
  organization={Springer}
}

@inproceedings{garcia2016real,
  title={Real-time segmentation of non-rigid surgical tools based on deep learning and tracking},
  author={Garc{\'\i}a-Peraza-Herrera, Luis C and Li, Wenqi and Gruijthuijsen, Caspar and Devreker, Alain and Attilakos, George and Deprest, Jan and Vander Poorten, Emmanuel and Stoyanov, Danail and Vercauteren, Tom and Ourselin, S{\'e}bastien},
  booktitle={International Workshop on Computer-Assisted and Robotic Endoscopy},
  pages={84--95},
  year={2016},
  organization={Springer}
}

@article{islam2019real,
  title={Real-time instrument segmentation in robotic surgery using auxiliary supervised deep adversarial learning},
  author={Islam, Mobarakol and Atputharuban, Daniel Anojan and Ramesh, Ravikiran and Ren, Hongliang},
  journal={IEEE Robotics and Automation Letters},
  volume={4},
  number={2},
  pages={2188--2195},
  year={2019},
  publisher={IEEE}
}

@inproceedings{jin2018tool,
  title={Tool detection and operative skill assessment in surgical videos using region-based convolutional neural networks},
  author={Jin, Amy and Yeung, Serena and Jopling, Jeffrey and Krause, Jonathan and Azagury, Dan and Milstein, Arnold and Fei-Fei, Li},
  booktitle={2018 IEEE Winter Conference on Applications of Computer Vision (WACV)},
  pages={691--699},
  year={2018},
  organization={IEEE}
}

@article{sarikaya2017detection,
  title={Detection and localization of robotic tools in robot-assisted surgery videos using deep neural networks for region proposal and detection},
  author={Sarikaya, Duygu and Corso, Jason J and Guru, Khurshid A},
  journal={IEEE transactions on medical imaging},
  volume={36},
  number={7},
  pages={1542--1549},
  year={2017},
  publisher={IEEE}
}

@inproceedings{da2019self,
  title={Self-supervised surgical tool segmentation using kinematic information},
  author={da Costa Rocha, Cristian and Padoy, Nicolas and Rosa, Benoit},
  booktitle={2019 International Conference on Robotics and Automation (ICRA)},
  pages={8720--8726},
  year={2019},
  organization={IEEE}
}

@inproceedings{attia2017surgical,
  title={Surgical tool segmentation using a hybrid deep CNN-RNN auto encoder-decoder},
  author={Attia, Mohamed and Hossny, Mohammed and Nahavandi, Saeid and Asadi, Hamed},
  booktitle={2017 IEEE International Conference on Systems, Man, and Cybernetics (SMC)},
  pages={3373--3378},
  year={2017},
  organization={IEEE}
}

@inproceedings{laina2017concurrent,
  title={Concurrent segmentation and localization for tracking of surgical instruments},
  author={Laina, Iro and Rieke, Nicola and Rupprecht, Christian and Vizca{\'\i}no, Josu{\'e} Page and Eslami, Abouzar and Tombari, Federico and Navab, Nassir},
  booktitle={International conference on medical image computing and computer-assisted intervention},
  pages={664--672},
  year={2017},
  organization={Springer}
}

@inproceedings{bano2020vessel,
  title={Deep placental vessel segmentation for fetoscopic mosaicking},
  author={Bano, Sophia and Vasconcelos, Francisco and Shepherd, Luke M and Vander Poorten, Emmanuel and Vercauteren, Tom and Ourselin, Sebastien and David, Anna L and Deprest, Jan and Stoyanov, Danail},
  booktitle={International Conference on Medical Image Computing and Computer-Assisted Intervention},
  pages={763--773},
  year={2020},
  organization={Springer}
}

@article{twinanda2018rsdnet,
  title={RSDNet: Learning to predict remaining surgery duration from laparoscopic videos without manual annotations},
  author={Twinanda, Andru Putra and Yengera, Gaurav and Mutter, Didier and Marescaux, Jacques and Padoy, Nicolas},
  journal={IEEE transactions on medical imaging},
  volume={38},
  number={4},
  pages={1069--1078},
  year={2018},
  publisher={IEEE}
}

@article{bodenstedt2019prediction,
  title={Prediction of laparoscopic procedure duration using unlabeled, multimodal sensor data},
  author={Bodenstedt, Sebastian and Wagner, Martin and M{\"u}ndermann, Lars and Kenngott, Hannes and M{\"u}ller-Stich, Beat and Breucha, Michael and Mees, S{\"o}ren Torge and Weitz, J{\"u}rgen and Speidel, Stefanie},
  journal={International journal of computer assisted radiology and surgery},
  volume={14},
  number={6},
  pages={1089--1095},
  year={2019},
  publisher={Springer}
}

@incollection{rivoir2019unsupervised,
  title={Unsupervised Temporal Video Segmentation as an Auxiliary Task for Predicting the Remaining Surgery Duration},
  author={Rivoir, Dominik and Bodenstedt, Sebastian and von Bechtolsheim, Felix and Distler, Marius and Weitz, J{\"u}rgen and Speidel, Stefanie},
  booktitle={OR 2.0 Context-Aware Operating Theaters and Machine Learning in Clinical Neuroimaging},
  pages={29--37},
  year={2019},
  publisher={Springer}
}




@article{lalys2014surgical,
  title={Surgical process modelling: a review},
  author={Lalys, Florent and Jannin, Pierre},
  journal={International journal of computer assisted radiology and surgery},
  volume={9},
  number={3},
  pages={495--511},
  year={2014},
  publisher={Springer}
}

@article{ross2018exploiting,
  title={Exploiting the potential of unlabeled endoscopic video data with self-supervised learning},
  author={Ross, Tobias and Zimmerer, David and Vemuri, Anant and Isensee, Fabian and Wiesenfarth, Manuel and Bodenstedt, Sebastian and Both, Fabian and Kessler, Philip and Wagner, Martin and M{\"u}ller, Beat and others},
  journal={International journal of computer assisted radiology and surgery},
  volume={13},
  number={6},
  pages={925--933},
  year={2018},
  publisher={Springer}
}

@incollection{funke2018temporal,
  title={Temporal coherence-based self-supervised learning for laparoscopic workflow analysis},
  author={Funke, Isabel and Jenke, Alexander and Mees, S{\"o}ren Torge and Weitz, J{\"u}rgen and Speidel, Stefanie and Bodenstedt, Sebastian},
  booktitle={OR 2.0 context-aware operating theaters, computer assisted robotic endoscopy, clinical image-based procedures, and skin image analysis},
  pages={85--93},
  year={2018},
  publisher={Springer}
}

@article{bodenstedt2019active,
  title={Active learning using deep Bayesian networks for surgical workflow analysis},
  author={Bodenstedt, Sebastian and Rivoir, Dominik and Jenke, Alexander and Wagner, Martin and Breucha, Michael and M{\"u}ller-Stich, Beat and Mees, S{\"o}ren Torge and Weitz, J{\"u}rgen and Speidel, Stefanie},
  journal={International journal of computer assisted radiology and surgery},
  volume={14},
  number={6},
  pages={1079--1087},
  year={2019},
  publisher={Springer}
}

@article{yu2018learning,
  title={Learning from a tiny dataset of manual annotations: a teacher/student approach for surgical phase recognition},
  author={Yu, Tong and Mutter, Didier and Marescaux, Jacques and Padoy, Nicolas},
  journal={arXiv preprint arXiv:1812.00033},
  year={2018}
}

@article{jin2017sv,
  title={SV-RCNet: workflow recognition from surgical videos using recurrent convolutional network},
  author={Jin, Yueming and Dou, Qi and Chen, Hao and Yu, Lequan and Qin, Jing and Fu, Chi-Wing and Heng, Pheng-Ann},
  journal={IEEE transactions on medical imaging},
  volume={37},
  number={5},
  pages={1114--1126},
  year={2017},
  publisher={IEEE}
}

@article{dergachyova2016automatic,
  title={Automatic data-driven real-time segmentation and recognition of surgical workflow},
  author={Dergachyova, Olga and Bouget, David and Huaulm{\'e}, Arnaud and Morandi, Xavier and Jannin, Pierre},
  journal={International journal of computer assisted radiology and surgery},
  volume={11},
  number={6},
  pages={1081--1089},
  year={2016},
  publisher={Springer}
}

@article{jin2016endorcn,
  title={EndoRCN: recurrent convolutional networks for recognition of surgical workflow in cholecystectomy procedure video},
  author={Jin, Yueming and Dou, Qi and Chen, Hao and Yu, Lequan and Heng, Pheng-Ann},
  journal={IEEE Trans. Med. Imaging},
  year={2016}
}

@article{yengera2018less,
  title={Less is more: Surgical phase recognition with less annotations through self-supervised pre-training of CNN-LSTM networks},
  author={Yengera, Gaurav and Mutter, Didier and Marescaux, Jacques and Padoy, Nicolas},
  journal={arXiv preprint arXiv:1805.08569},
  year={2018}
}

@article{jin2020multi,
  title={Multi-task recurrent convolutional network with correlation loss for surgical video analysis},
  author={Jin, Yueming and Li, Huaxia and Dou, Qi and Chen, Hao and Qin, Jing and Fu, Chi-Wing and Heng, Pheng-Ann},
  journal={Medical image analysis},
  volume={59},
  pages={101572},
  year={2020},
  publisher={Elsevier}
}

@inproceedings{stauder2014random,
  title={Random forests for phase detection in surgical workflow analysis},
  author={Stauder, Ralf and Okur, Asl{\i} and Peter, Lo{\"\i}c and Schneider, Armin and Kranzfelder, Michael and Feussner, Hubertus and Navab, Nassir},
  booktitle={International Conference on Information Processing in Computer-Assisted Interventions},
  pages={148--157},
  year={2014},
  organization={Springer}
}

@article{malpani2016system,
  title={System events: readily accessible features for surgical phase detection},
  author={Malpani, Anand and Lea, Colin and Chen, Chi Chiung Grace and Hager, Gregory D},
  journal={International journal of computer assisted radiology and surgery},
  volume={11},
  number={6},
  pages={1201--1209},
  year={2016},
  publisher={Springer}
}

@article{li2015attention,
  title={Attention-aware robotic laparoscope based on fuzzy interpretation of eye-gaze patterns},
  author={Li, Songpo and Zhang, Xiaoli and Kim, Fernando J and Donalisio da Silva, Rodrigo and Gustafson, Diedra and Molina, Wilson R},
  journal={Journal of Medical Devices},
  volume={9},
  number={4},
  year={2015},
  publisher={American Society of Mechanical Engineers Digital Collection}
}

@article{abdelaal2018play,
  title={Play me back: a unified training platform for robotic and laparoscopic surgery},
  author={Abdelaal, Alaa Eldin and Sakr, Maram and Avinash, Apeksha and Mohammed, Shahed K and Bajwa, Armaan Kaur and Sahni, Mohakta and Hor, Soheil and Fels, Sidney and Salcudean, Septimiu E},
  journal={IEEE Robotics and Automation Letters},
  volume={4},
  number={2},
  pages={554--561},
  year={2018},
  publisher={IEEE}
}

@article{king2013towards,
  title={Towards an autonomous robot for camera control during laparoscopic surgery},
  author={King, Brady W and Reisner, Luke A and Pandya, Abhilash K and Composto, Anthony M and Ellis, R Darin and Klein, Michael D},
  journal={Journal of laparoendoscopic \& advanced surgical techniques},
  volume={23},
  number={12},
  pages={1027--1030},
  year={2013},
  publisher={Mary Ann Liebert, Inc. 140 Huguenot Street, 3rd Floor New Rochelle, NY 10801 USA}
}

@article{bateux2017visual,
  title={Visual servoing from deep neural networks},
  author={Bateux, Quentin and Marchand, Eric and Leitner, J{\"u}rgen and Chaumette, Fran{\c{c}}ois and Corke, Peter},
  journal={arXiv preprint arXiv:1705.08940},
  year={2017}
}

@article{osa2018algorithmic,
  title={An algorithmic perspective on imitation learning},
  author={Osa, Takayuki and Pajarinen, Joni and Neumann, Gerhard and Bagnell, J Andrew and Abbeel, Pieter and Peters, Jan},
  journal={arXiv preprint arXiv:1811.06711},
  year={2018}
}

@inproceedings{ng2000algorithms,
  title={Algorithms for inverse reinforcement learning.},
  author={Ng, Andrew Y and Russell, Stuart J and others},
  booktitle={Icml},
  volume={1},
  pages={2},
  year={2000}
}

@inproceedings{finn2017one,
  title={One-shot visual imitation learning via meta-learning},
  author={Finn, Chelsea and Yu, Tianhe and Zhang, Tianhao and Abbeel, Pieter and Levine, Sergey},
  booktitle={Conference on Robot Learning},
  pages={357--368},
  year={2017},
  organization={PMLR}
}

@inproceedings{nair2018overcoming,
  title={Overcoming exploration in reinforcement learning with demonstrations},
  author={Nair, Ashvin and McGrew, Bob and Andrychowicz, Marcin and Zaremba, Wojciech and Abbeel, Pieter},
  booktitle={2018 IEEE International Conference on Robotics and Automation (ICRA)},
  pages={6292--6299},
  year={2018},
  organization={IEEE}
}

@inproceedings{riedmiller2018learning,
  title={Learning by playing solving sparse reward tasks from scratch},
  author={Riedmiller, Martin and Hafner, Roland and Lampe, Thomas and Neunert, Michael and Degrave, Jonas and Wiele, Tom and Mnih, Vlad and Heess, Nicolas and Springenberg, Jost Tobias},
  booktitle={International Conference on Machine Learning},
  pages={4344--4353},
  year={2018},
  organization={PMLR}
}

@inproceedings{pathak2017learning,
  title={Learning features by watching objects move},
  author={Pathak, Deepak and Girshick, Ross and Doll{\'a}r, Piotr and Darrell, Trevor and Hariharan, Bharath},
  booktitle={Proceedings of the IEEE Conference on Computer Vision and Pattern Recognition},
  pages={2701--2710},
  year={2017}
}

@inproceedings{lynch2020learning,
  title={Learning latent plans from play},
  author={Lynch, Corey and Khansari, Mohi and Xiao, Ted and Kumar, Vikash and Tompson, Jonathan and Levine, Sergey and Sermanet, Pierre},
  booktitle={Conference on Robot Learning},
  pages={1113--1132},
  year={2020},
  organization={PMLR}
}

@article{nair2018visual,
  title={Visual reinforcement learning with imagined goals},
  author={Nair, Ashvin and Pong, Vitchyr and Dalal, Murtaza and Bahl, Shikhar and Lin, Steven and Levine, Sergey},
  journal={arXiv preprint arXiv:1807.04742},
  year={2018}
}

@inproceedings{nair2017combining,
  title={Combining self-supervised learning and imitation for vision-based rope manipulation},
  author={Nair, Ashvin and Chen, Dian and Agrawal, Pulkit and Isola, Phillip and Abbeel, Pieter and Malik, Jitendra and Levine, Sergey},
  booktitle={2017 IEEE international conference on robotics and automation (ICRA)},
  pages={2146--2153},
  year={2017},
  organization={IEEE}
}

@article{yu2019unsupervised,
  title={Unsupervised visuomotor control through distributional planning networks},
  author={Yu, Tianhe and Shevchuk, Gleb and Sadigh, Dorsa and Finn, Chelsea},
  journal={arXiv preprint arXiv:1902.05542},
  year={2019}
}

@inproceedings{finn2017deep,
  title={Deep visual foresight for planning robot motion},
  author={Finn, Chelsea and Levine, Sergey},
  booktitle={2017 IEEE International Conference on Robotics and Automation (ICRA)},
  pages={2786--2793},
  year={2017},
  organization={IEEE}
}

@inproceedings{srinivas2018universal,
  title={Universal planning networks: Learning generalizable representations for visuomotor control},
  author={Srinivas, Aravind and Jabri, Allan and Abbeel, Pieter and Levine, Sergey and Finn, Chelsea},
  booktitle={International Conference on Machine Learning},
  pages={4732--4741},
  year={2018},
  organization={PMLR}
}

@inproceedings{xie2018few,
  title={Few-shot goal inference for visuomotor learning and planning},
  author={Xie, Annie and Singh, Avi and Levine, Sergey and Finn, Chelsea},
  booktitle={Conference on Robot Learning},
  pages={40--52},
  year={2018},
  organization={PMLR}
}

@article{yu2018one,
  title={One-shot imitation from observing humans via domain-adaptive meta-learning},
  author={Yu, Tianhe and Finn, Chelsea and Xie, Annie and Dasari, Sudeep and Zhang, Tianhao and Abbeel, Pieter and Levine, Sergey},
  journal={arXiv preprint arXiv:1802.01557},
  year={2018}
}

@article{torabi2018behavioral,
  title={Behavioral cloning from observation},
  author={Torabi, Faraz and Warnell, Garrett and Stone, Peter},
  journal={arXiv preprint arXiv:1805.01954},
  year={2018}
}

@article{hausman2017multi,
  title={Multi-modal imitation learning from unstructured demonstrations using generative adversarial nets},
  author={Hausman, Karol and Chebotar, Yevgen and Schaal, Stefan and Sukhatme, Gaurav and Lim, Joseph},
  journal={arXiv preprint arXiv:1705.10479},
  year={2017}
}

@article{fu2017learning,
  title={Learning robust rewards with adversarial inverse reinforcement learning},
  author={Fu, Justin and Luo, Katie and Levine, Sergey},
  journal={arXiv preprint arXiv:1710.11248},
  year={2017}
}

@article{torabi2018generative,
  title={Generative adversarial imitation from observation},
  author={Torabi, Faraz and Warnell, Garrett and Stone, Peter},
  journal={arXiv preprint arXiv:1807.06158},
  year={2018}
}

@article{stadie2017third,
  title={Third-person imitation learning},
  author={Stadie, Bradly C and Abbeel, Pieter and Sutskever, Ilya},
  journal={arXiv preprint arXiv:1703.01703},
  year={2017}
}

@inproceedings{zhang2018deep,
  title={Deep imitation learning for complex manipulation tasks from virtual reality teleoperation},
  author={Zhang, Tianhao and McCarthy, Zoe and Jow, Owen and Lee, Dennis and Chen, Xi and Goldberg, Ken and Abbeel, Pieter},
  booktitle={2018 IEEE International Conference on Robotics and Automation (ICRA)},
  pages={5628--5635},
  year={2018},
  organization={IEEE}
}

@inproceedings{hu2020probabilistic,
  title={Probabilistic future prediction for video scene understanding},
  author={Hu, Anthony and Cotter, Fergal and Mohan, Nikhil and Gurau, Corina and Kendall, Alex},
  booktitle={European Conference on Computer Vision},
  pages={767--785},
  year={2020},
  organization={Springer}
}

@inproceedings{sermanet2018time,
  title={Time-contrastive networks: Self-supervised learning from video},
  author={Sermanet, Pierre and Lynch, Corey and Chebotar, Yevgen and Hsu, Jasmine and Jang, Eric and Schaal, Stefan and Levine, Sergey and Brain, Google},
  booktitle={2018 IEEE International Conference on Robotics and Automation (ICRA)},
  pages={1134--1141},
  year={2018},
  organization={IEEE}
}

@article{mathieu2015deep,
  title={Deep multi-scale video prediction beyond mean square error},
  author={Mathieu, Michael and Couprie, Camille and LeCun, Yann},
  journal={arXiv preprint arXiv:1511.05440},
  year={2015}
}

@inproceedings{behbahani2019learning,
  title={Learning from demonstration in the wild},
  author={Behbahani, Feryal and Shiarlis, Kyriacos and Chen, Xi and Kurin, Vitaly and Kasewa, Sudhanshu and Stirbu, Ciprian and Gomes, Joao and Paul, Supratik and Oliehoek, Frans A and Messias, Joao and others},
  booktitle={2019 International Conference on Robotics and Automation (ICRA)},
  pages={775--781},
  year={2019},
  organization={IEEE}
}

@article{sermanet2016unsupervised,
  title={Unsupervised perceptual rewards for imitation learning},
  author={Sermanet, Pierre and Xu, Kelvin and Levine, Sergey},
  journal={arXiv preprint arXiv:1612.06699},
  year={2016}
}

@article{mori2015pose,
  title={Pose embeddings: A deep architecture for learning to match human poses},
  author={Mori, Greg and Pantofaru, Caroline and Kothari, Nisarg and Leung, Thomas and Toderici, George and Toshev, Alexander and Yang, Weilong},
  journal={arXiv preprint arXiv:1507.00302},
  year={2015}
}

@inproceedings{sadeghi2018sim2real,
  title={Sim2real viewpoint invariant visual servoing by recurrent control},
  author={Sadeghi, Fereshteh and Toshev, Alexander and Jang, Eric and Levine, Sergey},
  booktitle={Proceedings of the IEEE Conference on Computer Vision and Pattern Recognition},
  pages={4691--4699},
  year={2018}
}

@inproceedings{caron2018deep,
  title={Deep clustering for unsupervised learning of visual features},
  author={Caron, Mathilde and Bojanowski, Piotr and Joulin, Armand and Douze, Matthijs},
  booktitle={Proceedings of the European Conference on Computer Vision (ECCV)},
  pages={132--149},
  year={2018}
}

@inproceedings{liu2018imitation,
  title={Imitation from observation: Learning to imitate behaviors from raw video via context translation},
  author={Liu, YuXuan and Gupta, Abhishek and Abbeel, Pieter and Levine, Sergey},
  booktitle={2018 IEEE International Conference on Robotics and Automation (ICRA)},
  pages={1118--1125},
  year={2018},
  organization={IEEE}
}

@inproceedings{xu2017end,
  title={End-to-end learning of driving models from large-scale video datasets},
  author={Xu, Huazhe and Gao, Yang and Yu, Fisher and Darrell, Trevor},
  booktitle={Proceedings of the IEEE conference on computer vision and pattern recognition},
  pages={2174--2182},
  year={2017}
}

@inproceedings{schroff2015facenet,
  title={Facenet: A unified embedding for face recognition and clustering},
  author={Schroff, Florian and Kalenichenko, Dmitry and Philbin, James},
  booktitle={Proceedings of the IEEE conference on computer vision and pattern recognition},
  pages={815--823},
  year={2015}
}

@article{khosla2020supervised,
  title={Supervised contrastive learning},
  author={Khosla, Prannay and Teterwak, Piotr and Wang, Chen and Sarna, Aaron and Tian, Yonglong and Isola, Phillip and Maschinot, Aaron and Liu, Ce and Krishnan, Dilip},
  journal={arXiv preprint arXiv:2004.11362},
  year={2020}
}

@article{torabi2019imitation,
  title={Imitation learning from video by leveraging proprioception},
  author={Torabi, Faraz and Warnell, Garrett and Stone, Peter},
  journal={arXiv preprint arXiv:1905.09335},
  year={2019}
}

@article{whitney2016understanding,
  title={Understanding visual concepts with continuation learning},
  author={Whitney, William F and Chang, Michael and Kulkarni, Tejas and Tenenbaum, Joshua B},
  journal={arXiv preprint arXiv:1602.06822},
  year={2016}
}

@inproceedings{srivastava2015unsupervised,
  title={Unsupervised learning of video representations using lstms},
  author={Srivastava, Nitish and Mansimov, Elman and Salakhudinov, Ruslan},
  booktitle={International conference on machine learning},
  pages={843--852},
  year={2015},
  organization={PMLR}
}

@article{sun2019adversarial,
  title={Adversarial imitation learning from incomplete demonstrations},
  author={Sun, Mingfei and Ma, Xiaojuan},
  journal={arXiv preprint arXiv:1905.12310},
  year={2019}
}

@article{finn2016unsupervised,
  title={Unsupervised learning for physical interaction through video prediction},
  author={Finn, Chelsea and Goodfellow, Ian and Levine, Sergey},
  journal={arXiv preprint arXiv:1605.07157},
  year={2016}
}

@inproceedings{wang2015unsupervised,
  title={Unsupervised learning of visual representations using videos},
  author={Wang, Xiaolong and Gupta, Abhinav},
  booktitle={Proceedings of the IEEE international conference on computer vision},
  pages={2794--2802},
  year={2015}
}

@inproceedings{vondrick2016anticipating,
  title={Anticipating visual representations from unlabeled video},
  author={Vondrick, Carl and Pirsiavash, Hamed and Torralba, Antonio},
  booktitle={Proceedings of the IEEE Conference on Computer Vision and Pattern Recognition},
  pages={98--106},
  year={2016}
}

@inproceedings{lenz2015deepmpc,
  title={DeepMPC: Learning deep latent features for model predictive control.},
  author={Lenz, Ian and Knepper, Ross A and Saxena, Ashutosh},
  booktitle={Robotics: Science and Systems},
  year={2015},
  organization={Rome, Italy}
}

@inproceedings{wang2014learning,
  title={Learning fine-grained image similarity with deep ranking},
  author={Wang, Jiang and Song, Yang and Leung, Thomas and Rosenberg, Chuck and Wang, Jingbin and Philbin, James and Chen, Bo and Wu, Ying},
  booktitle={Proceedings of the IEEE conference on computer vision and pattern recognition},
  pages={1386--1393},
  year={2014}
}

@article{pomerleau1991efficient,
  title={Efficient training of artificial neural networks for autonomous navigation},
  author={Pomerleau, Dean A},
  journal={Neural computation},
  volume={3},
  number={1},
  pages={88--97},
  year={1991},
  publisher={MIT Press}
}
