% robot
% article{huber2021homographybased,
      %title={Homography-based Visual Servoing with Remote Center of Motion for Semi-autonomous Robotic Endoscope Manipulation}, 
      author={Martin Huber and John Bason Mitchell and Ross Henry and Sébastien Ourselin and Tom Vercauteren and Christos Bergeles},
%      journal={arXiv preprint arXiv:2110.13245},
%      year={2021}
%}

%inproceedings{huber2021homographybased,
  title={Homography-based visual servoing with remote center of motion for semi-autonomous robotic endoscope manipulation},
  author={Huber, Martin and Mitchell, John Bason and Henry, Ross and Ourselin, S{\'e}bastien and Vercauteren, Tom and Bergeles, Christos},
  booktitle={2021 International Symposium on Medical Robotics (ISMR)},
  pages={1--7},
  year={2021},
  organization={IEEE},
  doi={10.1109/ISMR48346.2021.9661563}
%}


@article{bano2020deep,
  title     = {Deep learning-based fetoscopic mosaicking for field-of-view expansion},
  author    = {Bano, Sophia and Vasconcelos, Francisco and Tella-Amo, Marcel and Dwyer, George and Gruijthuijsen, Caspar and Vander Poorten, Emmanuel and Vercauteren, Tom and Ourselin, Sebastien and Deprest, Jan and Stoyanov, Danail},
  journal   = {International journal of computer assisted radiology and surgery},
  volume    = {15},
  number    = {11},
  pages     = {1807--1816},
  year      = {2020},
  publisher = {Springer}
}

@article{vercauteren2019cai4cai,
  title     = {Cai4cai: the rise of contextual artificial intelligence in computer-assisted interventions},
  author    = {Vercauteren, Tom and Unberath, Mathias and Padoy, Nicolas and Navab, Nassir},
  journal   = {Proceedings of the IEEE},
  volume    = {108},
  number    = {1},
  pages     = {198--214},
  year      = {2019},
  publisher = {IEEE}
}

% surgical robotics, vander poorten
@article{kassahun2016surgical,
  title     = {Surgical robotics beyond enhanced dexterity instrumentation: a survey of machine learning techniques and their role in intelligent and autonomous surgical actions},
  author    = {Kassahun, Yohannes and Yu, Bingbin and Tibebu, Abraham Temesgen and Stoyanov, Danail and Giannarou, Stamatia and Metzen, Jan Hendrik and Vander Poorten, Emmanuel},
  journal   = {International journal of computer assisted radiology and surgery},
  volume    = {11},
  number    = {4},
  pages     = {553--568},
  year      = {2016},
  publisher = {Springer}
}

% review of viewpoint automation
@article{pandya2014review,
  title     = {A review of camera viewpoint automation in robotic and laparoscopic surgery},
  author    = {Pandya, Abhilash and Reisner, Luke A and King, Brady and Lucas, Nathan and Composto, Anthony and Klein, Michael and Ellis, Richard Darin},
  journal   = {Robotics},
  volume    = {3},
  number    = {3},
  pages     = {310--329},
  year      = {2014},
  publisher = {Multidisciplinary Digital Publishing Institute}
}

% viewpoint automation -> scene
@inproceedings{su2020multicamera,
  title        = {Multicamera 3d reconstruction of dynamic surgical cavities: Autonomous optimal camera viewpoint adjustment},
  author       = {Su, Yun-Hsuan and Huang, Kevin and Hannaford, Blake},
  booktitle    = {2020 International Symposium on Medical Robotics (ISMR)},
  pages        = {103--110},
  year         = {2020},
  organization = {IEEE}
}

% weede 
@inproceedings{weede2011intelligent,
  title        = {An intelligent and autonomous endoscopic guidance system for minimally invasive surgery},
  author       = {Weede, Oliver and M{\"o}nnich, Holger and M{\"u}ller, B and W{\"o}rn, Heinz},
  booktitle    = {2011 IEEE International Conference on Robotics and Automation},
  pages        = {5762--5768},
  year         = {2011},
  organization = {IEEE}
}

% knowledge base approach
@inproceedings{rivas2014towards,
  title        = {Towards a cognitive camera robotic assistant},
  author       = {Rivas-Blanco, Irene and Estebanez, Belen and Cuevas-Rodriguez, Maria and Bauzano, Enrique and Mu{\~n}oz, Victor F},
  booktitle    = {5th IEEE RAS/EMBS International Conference on Biomedical Robotics and Biomechatronics},
  pages        = {739--744},
  year         = {2014},
  organization = {IEEE}
}

@article{rivas2017smart,
  title     = {Smart cable-driven camera robotic assistant},
  author    = {Rivas-Blanco, Irene and L{\'o}pez-Casado, Carmen and P{\'e}rez-del-Pulgar, Carlos Jes{\'u}s and Garcia-Vacas, F and Fraile, JC and Mu{\~n}oz, Victor Fernand},
  journal   = {IEEE Transactions on Human-Machine Systems},
  volume    = {48},
  number    = {2},
  pages     = {183--196},
  year      = {2017},
  publisher = {IEEE}
}

% simple bc
@inproceedings{ji2018learning,
  title        = {Learning 2D surgical camera motion from demonstrations},
  author       = {Ji, Jessica J and Krishnan, Sanjay and Patel, Vatsal and Fer, Danyal and Goldberg, Ken},
  booktitle    = {2018 IEEE 14th International Conference on Automation Science and Engineering (CASE)},
  pages        = {35--42},
  year         = {2018},
  organization = {IEEE}
}

% transferring know how
@article{rivas2019transferring,
  title     = {Transferring know-how for an autonomous camera robotic assistant},
  author    = {Rivas-Blanco, Irene and Perez-del-Pulgar, Carlos J and L{\'o}pez-Casado, Carmen and Bauzano, Enrique and Mu{\~n}oz, V{\'\i}ctor F},
  journal   = {Electronics},
  volume    = {8},
  number    = {2},
  pages     = {224},
  year      = {2019},
  publisher = {Multidisciplinary Digital Publishing Institute}
}

% nature guide
@article{esteva2019guide,
  title     = {A guide to deep learning in healthcare},
  author    = {Esteva, Andre and Robicquet, Alexandre and Ramsundar, Bharath and Kuleshov, Volodymyr and DePristo, Mark and Chou, Katherine and Cui, Claire and Corrado, Greg and Thrun, Sebastian and Dean, Jeff},
  journal   = {Nature medicine},
  volume    = {25},
  number    = {1},
  pages     = {24--29},
  year      = {2019},
  publisher = {Nature Publishing Group}
}

% heidelberg random forest
@article{wagner2021learning,
  title     = {A learning robot for cognitive camera control in minimally invasive surgery},
  author    = {Wagner, Martin and Bihlmaier, Andreas and Kenngott, Hannes G{\"o}tz and Mietkowski, Patrick and Scheikl, Paul Maria and Bodenstedt, Sebastian and Schiepe-Tiska, Anja and Vetter, Josephin and Nickel, Felix and Speidel, S and others},
  journal   = {Surgical Endoscopy},
  pages     = {1--10},
  year      = {2021},
  publisher = {Springer}
}

% task analysis
@article{ellis2016task,
  title     = {Task analysis of laparoscopic camera control schemes},
  author    = {Ellis, R Darin and Munaco, Anthony J and Reisner, Luke A and Klein, Michael D and Composto, Anthony M and Pandya, Abhilash K and King, Brady W},
  journal   = {The International Journal of Medical Robotics and Computer Assisted Surgery},
  volume    = {12},
  number    = {4},
  pages     = {576--584},
  year      = {2016},
  publisher = {Wiley Online Library}
}

% irl for viewpoint automation (da vinci with access to actions)
@phdthesis{agrawal2018automating,
  title  = {Automating endoscopic camera motion for teleoperated minimally invasive surgery using inverse reinforcement learning},
  author = {Agrawal, Ankur},
  year   = {2018},
  school = {Master’s thesis, Worcester Polytechnic Institute}
}

% resnet
@inproceedings{he2016deep,
  title     = {Deep residual learning for image recognition},
  author    = {He, Kaiming and Zhang, Xiangyu and Ren, Shaoqing and Sun, Jian},
  booktitle = {Proceedings of the IEEE conference on computer vision and pattern recognition},
  pages     = {770--778},
  year      = {2016}
}

% regnet
@inproceedings{radosavovic2020designing,
  title     = {Designing network design spaces},
  author    = {Radosavovic, Ilija and Kosaraju, Raj Prateek and Girshick, Ross and He, Kaiming and Doll{\'a}r, Piotr},
  booktitle = {Proceedings of the IEEE/CVF Conference on Computer Vision and Pattern Recognition},
  pages     = {10428--10436},
  year      = {2020}
}

% im
@article{clementini1994modelling,
  title     = {Modelling topological spatial relations: Strategies for query processing},
  author    = {Clementini, Eliseo and Sharma, Jayant and Egenhofer, Max J},
  journal   = {Computers \& graphics},
  volume    = {18},
  number    = {6},
  pages     = {815--822},
  year      = {1994},
  publisher = {Elsevier}
}

% boundary circle
@inproceedings{munzer2013detection,
  title        = {Detection of circular content area in endoscopic videos},
  author       = {M{\"u}nzer, Bernd and Schoeffmann, Klaus and B{\"o}sz{\"o}rmenyi, Laszlo},
  booktitle    = {Proceedings of the 26th IEEE International Symposium on Computer-Based Medical Systems},
  pages        = {534--536},
  year         = {2013},
  organization = {IEEE}
}

% efficient net
@inproceedings{tan2019efficientnet,
  title        = {Efficientnet: Rethinking model scaling for convolutional neural networks},
  author       = {Tan, Mingxing and Le, Quoc},
  booktitle    = {International Conference on Machine Learning},
  pages        = {6105--6114},
  year         = {2019},
  organization = {PMLR}
}

% tracking
@article{gruijthuijsen2021autonomous,
  title     = {Robotic Endoscope Control Via Autonomous Instrument Tracking},
  volume    = {9},
  issn      = {2296-9144},
  url       = {http://dx.doi.org/10.3389/frobt.2022.832208},
  doi       = {10.3389/frobt.2022.832208},
  journal   = {Frontiers in Robotics and AI},
  publisher = {Frontiers Media SA},
  author    = {Gruijthuijsen, Caspar and Garcia-Peraza-Herrera, Luis C. and Borghesan, Gianni and Reynaerts, Dominiek and Deprest, Jan and Ourselin, Sebastien and Vercauteren, Tom and Vander Poorten, Emmanuel},
  year      = {2022},
  month     = apr
}

% datasets
% cholec80
@article{twinanda2016endonet,
  title     = {Endonet: a deep architecture for recognition tasks on laparoscopic videos},
  author    = {Twinanda, Andru P and Shehata, Sherif and Mutter, Didier and Marescaux, Jacques and De Mathelin, Michel and Padoy, Nicolas},
  journal   = {IEEE transactions on medical imaging},
  volume    = {36},
  number    = {1},
  pages     = {86--97},
  year      = {2016},
  publisher = {IEEE}
}

% isat
@misc{bodenstedt2018comparative,
  title         = {Comparative evaluation of instrument segmentation and tracking methods in minimally invasive surgery},
  author        = {Sebastian Bodenstedt and Max Allan and Anthony Agustinos and Xiaofei Du and Luis Garcia-Peraza-Herrera and Hannes Kenngott and Thomas Kurmann and Beat Müller-Stich and Sebastien Ourselin and Daniil Pakhomov and Raphael Sznitman and Marvin Teichmann and Martin Thoma and Tom Vercauteren and Sandrine Voros and Martin Wagner and Pamela Wochner and Lena Maier-Hein and Danail Stoyanov and Stefanie Speidel},
  year          = {2018},
  eprint        = {1805.02475},
  archiveprefix = {arXiv},
  primaryclass  = {cs.CV}
}

% kbd
@article{hattab2020kidney,
  title     = {Kidney edge detection in laparoscopic image data for computer-assisted surgery},
  author    = {Hattab, Georges and Arnold, Marvin and Strenger, Leon and Allan, Max and Arsentjeva, Darja and Gold, Oliver and Simpfend{\"o}rfer, Tobias and Maier-Hein, Lena and Speidel, Stefanie},
  journal   = {International journal of computer assisted radiology and surgery},
  volume    = {15},
  number    = {3},
  pages     = {379--387},
  year      = {2020},
  publisher = {Springer}
}

@misc{zia2021surgical,
  title         = {Surgical Visual Domain Adaptation: Results from the MICCAI 2020 SurgVisDom Challenge},
  author        = {Aneeq Zia and Kiran Bhattacharyya and Xi Liu and Ziheng Wang and Satoshi Kondo and Emanuele Colleoni and Beatrice van Amsterdam and Razeen Hussain and Raabid Hussain and Lena Maier-Hein and Danail Stoyanov and Stefanie Speidel and Anthony Jarc},
  year          = {2021},
  eprint        = {2102.13644},
  archiveprefix = {arXiv},
  primaryclass  = {cs.CV}
}

@article{giannarou2012probabilistic,
  title     = {Probabilistic tracking of affine-invariant anisotropic regions},
  author    = {Giannarou, Stamatia and Visentini-Scarzanella, Marco and Yang, Guang-Zhong},
  journal   = {IEEE transactions on pattern analysis and machine intelligence},
  volume    = {35},
  number    = {1},
  pages     = {130--143},
  year      = {2012},
  publisher = {IEEE}
}

@article{mountney2010three,
  title     = {Three-dimensional tissue deformation recovery and tracking},
  author    = {Mountney, Peter and Stoyanov, Danail and Yang, Guang-Zhong},
  journal   = {IEEE Signal Processing Magazine},
  volume    = {27},
  number    = {4},
  pages     = {14--24},
  year      = {2010},
  publisher = {IEEE}
}

@misc{bawa2020esad,
  title         = {ESAD: Endoscopic Surgeon Action Detection Dataset},
  author        = {Vivek Singh Bawa and Gurkirt Singh and Francis KapingA and Inna Skarga-Bandurova and Alice Leporini and Carmela Landolfo and Armando Stabile and Francesco Setti and Riccardo Muradore and Elettra Oleari and Fabio Cuzzolin},
  year          = {2020},
  eprint        = {2006.07164},
  archiveprefix = {arXiv},
  primaryclass  = {cs.CV}
}

@misc{allan20192017,
  title         = {2017 Robotic Instrument Segmentation Challenge},
  author        = {Max Allan and Alex Shvets and Thomas Kurmann and Zichen Zhang and Rahul Duggal and Yun-Hsuan Su and Nicola Rieke and Iro Laina and Niveditha Kalavakonda and Sebastian Bodenstedt and Luis Herrera and Wenqi Li and Vladimir Iglovikov and Huoling Luo and Jian Yang and Danail Stoyanov and Lena Maier-Hein and Stefanie Speidel and Mahdi Azizian},
  year          = {2019},
  eprint        = {1902.06426},
  archiveprefix = {arXiv},
  primaryclass  = {cs.CV}
}

@misc{allan20202018,
  title         = {2018 Robotic Scene Segmentation Challenge},
  author        = {Max Allan and Satoshi Kondo and Sebastian Bodenstedt and Stefan Leger and Rahim Kadkhodamohammadi and Imanol Luengo and Felix Fuentes and Evangello Flouty and Ahmed Mohammed and Marius Pedersen and Avinash Kori and Varghese Alex and Ganapathy Krishnamurthi and David Rauber and Robert Mendel and Christoph Palm and Sophia Bano and Guinther Saibro and Chi-Sheng Shih and Hsun-An Chiang and Juntang Zhuang and Junlin Yang and Vladimir Iglovikov and Anton Dobrenkii and Madhu Reddiboina and Anubhav Reddy and Xingtong Liu and Cong Gao and Mathias Unberath and Myeonghyeon Kim and Chanho Kim and Chaewon Kim and Hyejin Kim and Gyeongmin Lee and Ihsan Ullah and Miguel Luna and Sang Hyun Park and Mahdi Azizian and Danail Stoyanov and Lena Maier-Hein and Stefanie Speidel},
  year          = {2020},
  eprint        = {2001.11190},
  archiveprefix = {arXiv},
  primaryclass  = {cs.CV}
}

@misc{maier2020heidelberg,
  title         = {Heidelberg Colorectal Data Set for Surgical Data Science in the Sensor Operating Room},
  author        = {Lena Maier-Hein and Martin Wagner and Tobias Ross and Annika Reinke and Sebastian Bodenstedt and Peter M. Full and Hellena Hempe and Diana Mindroc-Filimon and Patrick Scholz and Thuy Nuong Tran and Pierangela Bruno and Anna Kisilenko and Benjamin Müller and Tornike Davitashvili and Manuela Capek and Minu Tizabi and Matthias Eisenmann and Tim J. Adler and Janek Gröhl and Melanie Schellenberg and Silvia Seidlitz and T. Y. Emmy Lai and Bünyamin Pekdemir and Veith Roethlingshoefer and Fabian Both and Sebastian Bittel and Marc Mengler and Lars Mündermann and Martin Apitz and Annette Kopp-Schneider and Stefanie Speidel and Hannes G. Kenngott and Beat P. Müller-Stich},
  year          = {2021},
  eprint        = {2005.03501},
  archiveprefix = {arXiv},
  primaryclass  = {cs.CV}
}

% tool seg
@inproceedings{garcia2017toolnet,
  title        = {Toolnet: holistically-nested real-time segmentation of robotic surgical tools},
  author       = {Garcia-Peraza-Herrera, Luis C and Li, Wenqi and Fidon, Lucas and Gruijthuijsen, Caspar and Devreker, Alain and Attilakos, George and Deprest, Jan and Vander Poorten, Emmanuel and Stoyanov, Danail and Vercauteren, Tom and others},
  booktitle    = {2017 IEEE/RSJ International Conference on Intelligent Robots and Systems (IROS)},
  pages        = {5717--5722},
  year         = {2017},
  organization = {IEEE}
}

@article{garcia2021image,
  title     = {Image Compositing for Segmentation of Surgical Tools Without Manual Annotations},
  author    = {Garcia-Peraza-Herrera, Luis C and Fidon, Lucas and D’Ettorre, Claudia and Stoyanov, Danail and Vercauteren, Tom and Ourselin, S{\'e}bastien},
  journal   = {IEEE transactions on medical imaging},
  volume    = {40},
  number    = {5},
  pages     = {1450--1460},
  year      = {2021},
  publisher = {IEEE}
}

% phase
@article{kitaguchi2020real,
  title     = {Real-time automatic surgical phase recognition in laparoscopic sigmoidectomy using the convolutional neural network-based deep learning approach},
  author    = {Kitaguchi, Daichi and Takeshita, Nobuyoshi and Matsuzaki, Hiroki and Takano, Hiroaki and Owada, Yohei and Enomoto, Tsuyoshi and Oda, Tatsuya and Miura, Hirohisa and Yamanashi, Takahiro and Watanabe, Masahiko and others},
  journal   = {Surgical endoscopy},
  volume    = {34},
  number    = {11},
  pages     = {4924--4931},
  year      = {2020},
  publisher = {Springer}
}

% tool tip vs
@inproceedings{agustinos2014visual,
  title        = {Visual servoing of a robotic endoscope holder based on surgical instrument tracking},
  author       = {Agustinos, Anthony and Wolf, R{\'e}mi and Long, Jean-Alexandre and Cinquin, Philippe and Voros, Sandrine},
  booktitle    = {5th IEEE RAS/EMBS International Conference on Biomedical Robotics and Biomechatronics},
  pages        = {13--18},
  year         = {2014},
  organization = {IEEE}
}

@inproceedings{da2020scan,
  title        = {SCAN: System for Camera Autonomous Navigation in Robotic-Assisted Surgery},
  author       = {Da Col, Tommaso and Mariani, Andrea and Deguet, Anton and Menciassi, Arianna and Kazanzides, Peter and De Momi, Elena},
  booktitle    = {2020 IEEE/RSJ International Conference on Intelligent Robots and Systems (IROS)},
  pages        = {2996--3002},
  year         = {2020},
  organization = {IEEE}
}

% homography ref
@phdthesis{malis2007deeper,
  title  = {Deeper understanding of the homography decomposition for vision-based control},
  author = {Malis, Ezio and Vargas, Manuel},
  year   = {2007},
  school = {INRIA}
}

% supervised homography
@misc{detone2016deep,
  title         = {Deep Image Homography Estimation},
  author        = {Daniel DeTone and Tomasz Malisiewicz and Andrew Rabinovich},
  year          = {2016},
  eprint        = {1606.03798},
  archiveprefix = {arXiv},
  primaryclass  = {cs.CV}
}

@inproceedings{erlik2017homography,
  title     = {Homography estimation from image pairs with hierarchical convolutional networks},
  author    = {Erlik Nowruzi, Farzan and Laganiere, Robert and Japkowicz, Nathalie},
  booktitle = {Proceedings of the IEEE International Conference on Computer Vision Workshops},
  pages     = {913--920},
  year      = {2017}
}

% vgg
@misc{simonyan2014very,
  title         = {Very Deep Convolutional Networks for Large-Scale Image Recognition},
  author        = {Karen Simonyan and Andrew Zisserman},
  year          = {2015},
  eprint        = {1409.1556},
  archiveprefix = {arXiv},
  primaryclass  = {cs.CV}
}

% unsupervised homography
@article{nguyen2018unsupervised,
  title     = {Unsupervised deep homography: A fast and robust homography estimation model},
  author    = {Nguyen, Ty and Chen, Steven W and Shivakumar, Shreyas S and Taylor, Camillo Jose and Kumar, Vijay},
  journal   = {IEEE Robotics and Automation Letters},
  volume    = {3},
  number    = {3},
  pages     = {2346--2353},
  year      = {2018},
  publisher = {IEEE}
}

@article{gomes2019unsupervised,
  title     = {Unsupervised Neural Network for Homography Estimation in Capsule Endoscopy Frames},
  author    = {Gomes, Sara and Val{\'e}rio, Maria Teresa and Salgado, Marta and Oliveira, H{\'e}lder P and Cunha, Ant{\'o}nio},
  journal   = {Procedia Computer Science},
  volume    = {164},
  pages     = {602--609},
  year      = {2019},
  publisher = {Elsevier}
}

@inproceedings{le2020deep,
  title     = {Deep homography estimation for dynamic scenes},
  author    = {Le, Hoang and Liu, Feng and Zhang, Shu and Agarwala, Aseem},
  booktitle = {Proceedings of the IEEE/CVF Conference on Computer Vision and Pattern Recognition},
  pages     = {7652--7661},
  year      = {2020}
}

@inproceedings{zhang2020content,
  title        = {Content-aware unsupervised deep homography estimation},
  author       = {Zhang, Jirong and Wang, Chuan and Liu, Shuaicheng and Jia, Lanpeng and Ye, Nianjin and Wang, Jue and Zhou, Ji and Sun, Jian},
  booktitle    = {European Conference on Computer Vision},
  pages        = {653--669},
  year         = {2020},
  organization = {Springer}
}
