@misc{ref-iiwa_ros2,
  author       = {Bednarczyk, M. and Guzm{\'a}n, J. H. G.},
  year         = {2023},
  howpublished = {\url{https://github.com/ICube-Robotics/iiwa_ros2}},
  title        = {ROS 2 stack for KUKA iiwa collaborative robots}
}

@misc{ref-iiwa_ros,
  author       = {Chatzilygeroudis, K. and Mayr, M. and Fichera, B. and Billard, A.},
  year         = {2019},
  howpublished = {\url{http://github.com/epfl-lasa/iiwa_ros}},
  title        = {Iiwa\_ros: A ROS stack for KUKA's IIWA robots using the fast
                  research interface}
}

@article{ref-ros_control,
  doi       = {10.21105/joss.00456},
  url       = {https://doi.org/10.21105/joss.00456},
  year      = {2017},
  publisher = {The Open Journal},
  volume    = {2},
  number    = {20},
  pages     = {456},
  author    = {Sachin Chitta and Eitan Marder-Eppstein and Wim Meeussen and Vijay Pradeep and Adolfo Rodríguez Tsouroukdissian and Jonathan Bohren and David Coleman and Bence Magyar and Gennaro Raiola and Mathias Lüdtke and Enrique Fernandez Perdomo},
  title     = {ros\_control: A generic and simple control framework for ROS},
  journal   = {Journal of Open Source Software}
} 

@misc{ref-moveit,
  title         = {Reducing the Barrier to Entry of Complex Robotic Software: a MoveIt! Case Study},
  author        = {David Coleman and Ioan Sucan and Sachin Chitta and Nikolaus Correll},
  year          = {2014},
  eprint        = {1404.3785},
  archiveprefix = {arXiv},
  primaryclass  = {cs.RO}
}

@article{ref-iiwa_stack,
  title     = {Towards MRI-based autonomous robotic US acquisitions: a first feasibility study},
  author    = {Hennersperger, Christoph and Fuerst, Bernhard and Virga, Salvatore and Zettinig, Oliver and Frisch, Benjamin and Neff, Thomas and Navab, Nassir},
  journal   = {IEEE transactions on medical imaging},
  volume    = {36},
  number    = {2},
  pages     = {538--548},
  year      = {2016},
  publisher = {IEEE},
  doi       = {10.1109/TMI.2016.2620723}
}

@inproceedings{ref-gazebo,
  title        = {Design and use paradigms for gazebo, an open-source multi-robot simulator},
  author       = {Koenig, Nathan and Howard, Andrew},
  booktitle    = {2004 IEEE/RSJ international conference on intelligent robots and systems (IROS)(IEEE Cat. No. 04CH37566)},
  volume       = {3},
  pages        = {2149--2154},
  year         = {2004},
  organization = {Ieee},
  doi          = {10.1109/IROS.2004.1389727}
}

@article{ref-ros2,
  title     = {Robot Operating System 2: Design, architecture, and uses in the wild},
  author    = {Macenski, Steven and Foote, Tully and Gerkey, Brian and Lalancette, Chris and Woodall, William},
  journal   = {Science robotics},
  volume    = {7},
  number    = {66},
  pages     = {eabm6074},
  year      = {2022},
  publisher = {American Association for the Advancement of Science},
  doi       = {10.1126/scirobotics.abm6074}
}

@misc{ref-ros2_control,
  author       = {Magyar, Bence and Stogl, Denis and Knese, Karsten and Community},
  year         = {2023},
  howpublished = {\url{https://github.com/ros-controls/ros2_control}},
  title        = {Generic and simple controls framework for ROS 2}
}

@article{ref-kuka_sunrise_toolbox,
  title     = {Kuka sunrise toolbox: Interfacing collaborative robots with matlab},
  author    = {Safeea, Mohammad and Neto, Pedro},
  journal   = {IEEE Robotics \& Automation Magazine},
  volume    = {26},
  number    = {1},
  pages     = {91--96},
  year      = {2018},
  publisher = {IEEE},
  doi       = {10.1109/MRA.2018.2877776}
}

@inproceedings{ref-fri,
  title     = {The fast research interface for the kuka lightweight robot},
  author    = {Schreiber, G{\"u}nter and Stemmer, Andreas and Bischoff, Rainer},
  booktitle = {IEEE workshop on innovative robot control architectures for demanding (Research) applications how to modify and enhance commercial controllers (ICRA 2010)},
  pages     = {15--21},
  year      = {2010}
}

@inproceedings{ref-libiiwa,
  title        = {A scalable and unified multi-control framework for KUKA LBR iiwa collaborative robots},
  author       = {Serrano-Mu{\~n}oz, Antonio and Elguea-Aguinaco, {\'I}{\~n}igo and Chrysostomou, Dimitris and B{\O}gh, Simon and Arana-Arexolaleiba, Nestor},
  booktitle    = {2023 IEEE/SICE International Symposium on System Integration (SII)},
  pages        = {1--5},
  year         = {2023},
  organization = {IEEE},
  doi          = {10.1109/SII55687.2023.10039308}
}

@misc{huber2023lbr,
  title         = {LBR-Stack: ROS 2 and Python Integration of KUKA FRI for Med and IIWA Robots},
  author        = {Martin Huber and Christopher E. Mower and Sebastien Ourselin and Tom Vercauteren and Christos Bergeles},
  year          = {2023},
  eprint        = {2311.12709},
  archiveprefix = {arXiv},
  primaryclass  = {cs.RO}
}
